2865 3560
1149 133 1208 144 ...
1351 106 1416 156 14
1553 133 1619 142 .-

220 247 505 292 Schraderus
538 246 727 290 coniecit
763 251 976 299 cunctos,
1013 242 1138 288 haud
1171 244 1303 289 male.
1340 244 1389 288 la
1424 250 1627 290 extremo
1662 243 1791 290 versu
1827 245 1973 291 nescio
2009 262 2088 293 cur
2107 248 2306 295 editores
2343 251 2559 296 recentio-

220 356 289 383 res
325 339 557 395 antiquam
591 337 858 397 scripturam
893 334 1011 380 mihi
1046 333 1430 380 commutaverint.

262 419 268 425 ’
355 428 439 472 His
476 427 685 488 expolitis
719 439 896 470 carmen
930 425 975 468 in
1010 424 1235 485 integrum
1269 423 1462 470 formam
1497 425 1623 470 suam
1656 425 1907 486 restitutum
1927 425 2004 472 'ita
2039 427 2084 473 fe
2117 428 2273 474 habet.

805 514 1041 571 Oramus,
1056 512 1109 577 fi
1125 512 1273 576 forte
1294 529 1390 560 non
1414 513 1666 579 molestum
1692 516 1774 580 eft,

868 602 1201 667 Demonflres,
1225 601 1308 648 ubi
1318 603 1425 668 fint
1449 609 1565 650 tuae
1589 603 1832 651 tenebrae.

804 695 872 739 Te
906 708 1083 756 campo
1119 692 1440 758 quaesivimus
1474 694 1675 750 minore,

874 763 942 829 Te
964 785 1011 829 in
1036 785 1184 841 circo,
1209 790 1257 829 te
1283 784 1329 828 in
1359 783 1578 830 omnibus
1602 782 1792 840 libellis,

733 874 766 922 5
808 875 873 919 Te
907 875 957 919 in
984 873 1163 936 templo
1177 873 1361 936 summi
1385 873 1773 935 Iovis-sacrata]

865 964 925 1008 In
962 964 1146 1027 Magni
1152 963 1307 1028 simul
1332 963 1665 1010 ambulatione

796 1054 1038 1100 Femellas
1065 1069 1244 1110 omnes,
1272 1054 1445 1112 amice,
1460 1054 1659 1116 prendi,

830 1121 853 1126 -
870 1143 1010 1207 Quas
1033 1144 1170 1190 vultu
1198 1144 1340 1189 video
1366 1150 1526 1189 tamen
1533 1143 1758 1206 serenas.

802 1234 869 1277 At
895 1235 973 1277 vel
1009 1240 1055 1278 te
1061 1234 1141 1297 fic
1166 1232 1268 1295 ipse
1285 1233 1616 1294 flagitabam:

695 1319 760 1370 lo
866 1321 1145 1367 Camertum
1167 1322 1298 1378 mihi,
1319 1319 1553 1387 pffmae
1567 1322 1783 1383 puellae.

802 1411 1062 1474 Quaedam
1086 1412 1264 1474 inquit.-
1289 1418 1339 1458 tu
1363 1412 1597 1457 nudulum
1637 1412 1842 1457 reduce:

862 1502 940 1547 En
965 1502 1044 1548 hic
1069 1503 1117 1548 in
1142 1501 1293 1564 roseis
1327 1503 1448 1549 latet
1463 1501 1691 1565 papillis.
2851 1551 2865 1562 ψ

795 1592 894 1638 Sed
919 1598 964 1638 te
987 1592 1251 1657 iamserre
1278 1593 1510 1639 Herculei
1536 1591 1678 1638 labos
1703 1592 1784 1656 eli.
2811 1574 2865 1650 «ᾗ

867 1683 977 1728 Non
1003 1683 1221 1748 cufiosfi
1243 1697 1340 1745 ego
1353 1683 1546 1747 fingar
1572 1682 1654 1727 ille
1680 1682 1892 1733 Cretum,
2839 1658 2865 1698 ’ᾖ

696 1770 764 1817 15
869 1772 980 1817 Non
997 1772 1052 1835 fi
1074 1772 1304 1835 Pegaseo
1315 1772 1477 1835 serar
1498 1773 1683 1827 volatu,

864 1859 977 1905 Non
1013 1860 1187 1906 Ladas
1218 1874 1316 1922 ego
1347 1859 1643 1921 pennipesve
1679 1859 1903 1921 Perseus,

863 1947 974 1993 Non
1001 1948 1155 2012 Rhesi
1180 1950 1322 1996 nivea
1349 1949 1542 2011 citaque
1565 1948 1704 2011 biga,

868 2038 1017 2082 Adde
1041 2038 1135 2082 huc
1157 2039 1468 2099 plumipedes
1491 2038 1807 2099 volatilesque

865 2127 1220 2189 Ventorumque
1225 2127 1384 2192 stmul
1406 2128 1601 2190 require
1623 2127 1811 2189 cursum
1832 2146 1844 2172 .-

688 2214 755 2263 20
864 2217 1001 2281 Quos
1029 2218 1231 2275 iunctos,
1261 2217 1474 2270 Cameri,
1499 2218 1617 2263 mihi
1639 2219 1848 2272 dicares,

862 2306 1091 2373 Defeffus
1116 2314 1276 2354 tamen
1300 2307 1520 2354 omnibus
1541 2308 1765 2353 medullis

700 2453 703 2456 ι
792 2397 860 2444 Et
881 2398 1044 2445 multis
1072 2397 1368 2462 langoribus
1397 2397 1600 2461 peresus

860 2488 1022 2552 Effem
1049 2495 1095 2534 te
1115 2489 1248 2545 mihi,
1276 2489 1445 2545 amice,
1468 2489 1810 2550 quaeritando.

799 2579 953 2625 'Panto
980 2586 1026 2625 te
1047 2580 1093 2625 in
1104 2579 1252 2644 fastu
1273 2593 1434 2641 negas
1468 2577 1665 2624 amico?

687 2666 757 2715 25
862 2669 960 2717 Dic
985 2669 1138 2728 nobis,
1166 2669 1248 2717 ubi
1269 2669 1334 2728 lis
1353 2669 1580 2731 futurus.-
1602 2670 1690 2715 ede

793 2761 1066 2819 Audacter,
1095 2762 1349 2818 committe,
1380 2761 1525 2806 crede
1548 2760 1685 2805 lucei.

862 2852 990 2919 Num
1019 2859 1064 2899 te
1088 2854 1330 2900 lacteolae
1355 2857 1511 2897 tenent
1531 2848 1771 2913 puellae?
