2865 3560
1175 49 1447 100 ...10
1581 77 1649 88 .-

234 189 455 249 potneris‚
479 187 664 249 quando
690 186 1020 245 difficultatem,
1056 204 1174 249 quae
1200 188 1247 233 in
1268 189 1446 234 nomine
1478 189 1755 235 libellorum
1792 198 2009 251 apparet,
2045 192 2302 238 removeris.
2353 185 2598 256 Nimirum*

235 279 405 325 constat
437 280 647 324 tabernas
681 277 827 337 fuiss'e,
862 280 909 324 in
944 280 1107 340 quibus
1135 280 1241 324 libri
1274 279 1612 326 venditarentur
1646 279 1765 341 (cte.
1802 280 2013 343 Philipp.
2049 281 2099 339 2,
2124 282 2171 339 9,
2195 281 2263 328 21.
2297 282 2462 329 Horat.
2475 280 2572 328 Sat.

234 371 266 427 1,
292 370 340 427 4,
370 368 460 429 71.)
515 369 674 430 ibique
708 368 975 425 consedill'e,
1014 370 1093 429 qui
1126 384 1266 415 novos
1306 371 1447 416 libros
1488 372 1710 433 legerent.
1762 370 1940 416 Gellius
1965 371 2012 428 5,
2042 373 2091 417 4.
2127 372 2269 434 apud
2304 372 2572 434 Sigillaria

232 458 372 521 forte
394 459 443 505 in
463 458 678 506 libraria
712 473 809 522 ego
832 464 880 504 et
908 458 1067 505 Iulius
1090 459 1285 506 Paulus
1303 466 1461 523 poeta
1476 461 1940 524 -consederamum
1975 462 2054 519 13„
2069 463 2152 508 30.
2199 461 2570 507 Commemoran-

236 558 312 596 tur
346 551 442 597 eius
463 550 640 612 generis
667 550 884 595 tabernae
915 550 960 594 in
985 551 1197 612 Argileto
1222 566 1248 595 a
1278 551 1481 598 Martiali
1503 552 1535 608 1,
1562 551 1644 609 118,
1671 553 1719 597 9.
1746 552 1867 596 unde
1889 553 1920 608 l,
1934 551 2027 609 4‚1.
2062 552 2382 614 argiletanae
2405 551 2569 597 taber-

235 656 332 689 nae
362 641 508 687 dictae
539 640 665 697 funt,
700 646 748 686 et
781 640 840 707 ad
874 640 1025 686 forum
1059 640 1314 686 Palladium
1341 642 1371 699 l,
1397 642 1445 699 3,
1469 641 1533 699 8.‚
1568 642 1614 687 in
1647 641 1914 688 Sandalario
1939 641 2066 704 apud
2101 642 2304 688 Gellium
2327 641 2392 700 18,
2418 641 2466 687 4.
2503 642 2565 686 At

234 732 507 776 vocabulum
540 730 819 776 libellorum
866 746 955 776 non
990 739 1161 776 certum
1187 732 1328 776 habet
1357 732 1668 778 testimonium.
1711 734 1829 778 Nam
1857 732 1983 792 quod
2011 732 2180 793 legitur
2207 733 2253 777 in
2276 732 2496 793 Priapeiis
2518 732 2569 787 2,

234 822 266 863 1.
315 822 488 889 ludens
534 821 657 866 haec
703 835 800 883 ego
858 820 973 884 teste
1018 827 1078 877 te,
1127 820 1336 882 Priape,
1384 822 1530 867 horto
1576 823 1802 868 carmina
1847 822 2022 884 digna,
2070 838 2167 868 non
2225 822 2405 873 libello,
2453 820 2567 869 nihil

235 912 402 970 obstat,
449 913 688 971 quominus
743 911 1015 972 explicemus
1029 927 1044 957 t
1102 913 1298 956 carmina
1354 913 1509 974 digna,
1562 929 1679 972 quae
1737 915 1782 957 in
1841 914 1981 959 horto
2042 915 2225 960 tabulae
2257 914 2568 966 inscribantur,

234 1016 326 1047 non
374 1003 420 1046 in
464 1002 585 1046 libro
632 1001 848 1046 edantur:
909 1016 1014 1046 nam
1060 1002 1250 1057 Quintil.
1312 1002 1379 1058 12,
1442 1003 1515 1059 lo,
1565 1003 1631 1049 50
1678 1004 1764 1048 ait:
1816 1005 1951 1064 quod
1996 1003 2136 1048 libris
2182 1005 2458 1059 dedicatur,
2522 1009 2568 1046 et

236 1092 284 1137 in
317 1091 592 1154 exemplum
631 1091 792 1137 editur
831 1090 1009 1153 terficm
1052 1097 1098 1136 et
1140 1092 1360 1137 limatum
1400 1097 1445 1137 et
1479 1094 1551 1138 ad
1584 1094 1745 1155 legem
1780 1107 1841 1138 ac
1876 1093 2109 1155 regulam
2135 1076 2451 1157 compositum
2478 1091 2569 1157 effe

236 1188 486 1243 oportere.
511 1182 717 1227 Martial.
753 1181 800 1238 5,
829 1181 912 1238 20,
938 1180 984 1226 5.
1020 1182 1504 1246 gffatio‚fabulae,
1539 1182 1704 1240 libelli,
1734 1197 1952 1245 campus,
1971 1183 2215 1245 porticus.
2255 1183 2309 1226 ln
2332 1183 2402 1227 his
2425 1181 2566 1228 labo-

234 1270 373 1317 ribus
393 1272 543 1316 libelli
575 1272 677 1316 sunt
709 1271 933 1316 librorum
955 1271 1107 1316 lectio.
1152 1271 1331 1316 Eodem
1369 1271 1506 1316 modo
1540 1272 1694 1317 Livius
1731 1272 1812 1329 29,
1848 1273 1912 1329 19,
1956 1272 2023 1317 12.
2060 1252 2235 1318 libellis}
2267 1287 2374 1317 eum
2390 1271 2566 1333 palae-

220 1360 461 1424 straeque
482 1376 691 1423 operam
713 1362 857 1407 dare.
892 1361 1175 1407 Graecorum
1209 1370 1360 1408 autem
1408 1362 1510 1407 usus
1545 1362 1712 1409 etiamst
1746 1379 1772 1407 a
1806 1363 1997 1409 Polluce
2021 1364 2068 1421 9,
2095 1362 2145 1409 5.
2167 1363 2269 1409 satis
2292 1362 2354 1408 est
2375 1361 2566 1408 demon-

213 1442 407 1510 Ἠτεῖος,
443 1460 595 1497 tamen
627 1468 687 1498 an
718 1453 871 1518 Latini
904 1469 1008 1498 eum
1041 1454 1202 1516 imitati
1234 1453 1425 1510 fuerint,
1473 1470 1608 1499 nemo
1640 1454 1883 1500 declaravit
1918 1454 2135 1515 exemplis
2177 1453 2274 1500 vini
2316 1469 2406 1514 pro
2442 1453 2562 1498 vina-

233 1545 299 1587 ria
332 1544 536 1601 taberna,
572 1509 777 1606 argenli
811 1561 898 1604 pro
934 1546 1202 1605 argentaria,
1240 1545 1366 1607 casei
1401 1562 1486 1603 pro
1521 1545 1713 1589 casearia
1758 1545 1879 1590 dicti.
1928 1536 2023 1590 Sed
2057 1545 2244 1591 Plautus
2275 1544 2414 1604 Epid.
2438 1543 2487 1600 2,
2514 1543 2562 1598 2,

232 1635 300 1678 13.
328 1649 428 1696 per
452 1649 639 1679 omnem
662 1633 831 1679 urbem
867 1650 1006 1696 quem
1043 1634 1253 1699 deseffus
1274 1635 1391 1696 sum
1427 1649 1684 1695 quaerere,
1707 1650 1805 1696 per
1829 1636 2123 1691 medicinas,
2149 1650 2248 1695 per
2283 1635 2562 1699 tonstrinae,

234 1725 283 1768 in
305 1724 568 1789 gymnasio
593 1730 742 1786 atque
764 1725 812 1769 in
820 1724 967 1787 soro,
998 1738 1097 1785 per
1121 1726 1418 1785 myropolia,
1439 1726 1661 1769 lanienae
1685 1725 1961 1784 circumque
1989 1702 2328 1785 argentarias.
2366 1725 2439 1768 cf.
2451 1724 2564 1767 Am-

232 1813 374 1876 phitr.
411 1814 458 1871 4,
472 1815 503 1872 l,
521 1815 569 1860 3.
589 1815 662 1860 Ex
685 1815 870 1873 reliquis
886 1814 1122 1875 scripturis
1144 1828 1279 1858 unum
1303 1814 1418 1858 illud
1453 1813 1649 1858 tabellio
1682 1814 1729 1856 in
1752 1813 2147 1857 considerationem
2169 1815 2304 1859 venit.
2341 1814 2563 1859 Tabellae

232 1910 382 1950 autem
416 1905 519 1950 sunt
551 1905 768 1950 tabernae
802 1904 1010 1960 minores,
1048 1904 1229 1963 qualem
1251 1903 1398 1947 Varro
1433 1902 1491 1947 de
1526 1904 1602 1947 Re
1633 1903 1739 1947 rust.
1778 1902 1824 1956 3,
1842 1902 1890 1957 2,
1904 1903 1936 1945 l.
1972 1907 2205 1946 memorat.

365 1993 444 2037 Vs.
480 1991 528 2037 5.
553 1990 731 2052 Optimi
754 1999 799 2036 et
832 1992 1020 2052 plurimi
1052 1991 1227 2034 codices
1250 1991 1471 2050 praebent
1481 1990 1677 2052 summi,
1713 1990 1839 2049 quod
1868 1989 2054 2046 scribae,
2094 1997 2143 2035 ut
2170 1996 2315 2035 metro
2340 1990 2562 2035 medelam

232 2084 516 2139 adhiberent,
552 2083 599 2125 in
617 2081 795 2143 superi
834 2088 1082 2126 mutarunt.

364 2173 444 2218 Vs.
479 2173 528 2217 6.
573 2171 879 2217 Necess'arium
912 2179 1023 2227 erat,
1070 2178 1121 2216 ut
1166 2171 1306 2215 verba
1340 2170 1387 2215 in
1415 2170 1599 2231 Alagni
1618 2169 1776 2232 fimul
1814 2169 2146 2217 ambulatione
2191 2186 2294 2215 cum
2341 2171 2406 2226 iis,
2443 2185 2559 2229 quae

231 2268 494 2325 sequuntur,
530 2264 894 2325 interpunctione
927 2269 1112 2318 mutata,
1147 2262 1551 2323 coniungerentur:
1586 2261 1634 2305 id
1669 2262 1793 2321 quod
1817 2263 1949 2307 etiam
1965 2261 2277 2306 Lachmannus
2312 2261 2557 2322 perspexit.

232 2356 451 2416 Alioquin
484 2371 528 2401 v.
549 2355 704 2419 fimul
737 2371 828 2400 non
875 2353 1024 2416 poffet
1057 2355 1264 2415 intelligi.
1300 2355 1482 2398 Dictum
1516 2353 1633 2397 enim
1667 2353 1744 2410 est,
1780 2361 1831 2399 ut
1870 2355 1946 2411 11,
1983 2354 2033 2399 13
2058 2345 2220 2398 omnia
2248 2353 2383 2410 haec,
2407 2367 2558 2414 quae-

230 2446 584 2511 cumqueseret
607 2447 849 2501 voluntas,
863 2451 1053 2491 tentare
1051 2445 1205 2510 simul
1207 2446 1401 2506 parati.
1444 2444 1613 2490 Amice
1630 2459 1686 2489 ne
1701 2460 1803 2489 cum
1825 2446 1920 2489 aliis
1934 2460 2021 2505 pro
2034 2444 2251 2488 adverbio
2272 2444 2555 2504 accipiamu5‚

230 2539 329 2599 ipsa
350 2545 510 2583 natura
531 2538 661 2581 verbi
679 2538 927 2598 prendere
949 2545 1084 2582 vetat.
1119 2538 1265 2581 Nemo
1302 2551 1518 2595 umquam
1540 2536 1753 2595 loquutus
1789 2537 1850 2581 est
1885 2536 2096 2598 aliquem
2120 2535 2275 2581 amice
2290 2535 2554 2596 prendere.

367 2629 444 2673 Vs.
480 2628 528 2673 8.
564 2629 654 2672 Hic
688 2630 812 2673 locus
845 2629 892 2671 in
926 2629 977 2672 iis
1012 2628 1088 2682 est,
1124 2628 1172 2671 in
1205 2628 1369 2687 quibus
1418 2626 1619 2687 speciosa
1653 2636 1918 2688 argumenta
1952 2628 2011 2672 ab
2046 2636 2239 2685 utraque
2274 2634 2405 2686 parte
2438 2625 2553 2671 iudi-

231 2721 349 2765 cium
383 2728 625 2780 occupant.
657 2718 789 2764 Libri
820 2720 977 2780 scripti
1010 2719 1120 2765 duas
1154 2719 1325 2764 habent
1345 2718 1558 2764 lectiones
1592 2718 1728 2764 vultu
1754 2719 1855 2765 vidi
1861 2702 2043 2781 seren-o
2086 2725 2131 2765 et
2157 2717 2291 2763 vultu
2313 2733 2358 2763 v.
2370 2716 2553 2779 serena
