2865 3560
1190 157 1254 168 -
1366 95 1458 179 '11
1544 156 1668 173 ..-

254 274 327 318 vel
346 272 571 334 strenas.
606 270 727 316 lllud
741 304 754 327 ,
802 269 929 329 quod
972 270 1018 313 in
1053 268 1258 330 plurimis
1303 240 1573 315 editionibus
1607 268 1760 326 exstat,
1808 268 1945 315 vulta
1979 268 2080 314 vicli
2097 268 2279 333 strena
2314 271 2581 332 interpretes

256 363 314 407 ad
351 361 586 409 Catullum
623 361 892 418 referebant,
927 366 978 405 ut
1012 359 1181 406 videre
1212 359 1382 405 dictum
1419 358 1527 406 ess'et
1560 375 1648 420 pro
1678 360 1959 422 adeoe‘cere:
2001 360 2127 420 quod
2160 361 2260 406 fieri
2292 377 2383 408 non
2415 364 2581 423 potuit.

255 453 371 497 Nam
407 468 525 512 quae
543 451 858 497 Lachmannus
894 450 952 496 ad
974 450 1186 510 Propert.
1222 450 1253 501 1,
1290 451 1322 506 l,
1357 449 1423 495 12.
1458 458 1693 509 comparat
1726 451 1948 511 exempla,
1983 450 2095 495 nihil
2129 450 2330 498 efficiunt
2362 452 2422 498 ad
2455 469 2582 499 com-

254 542 544 602 probandum
589 541 712 587 hunc
758 541 902 587 usum.
958 540 1134 587 Videre
1181 541 1228 585 in
1261 539 1348 586 istis
1382 540 1491 586 locis
1525 539 1688 586 dicitur
1721 554 1810 601 pro
1841 541 1996 598 visere,
2030 540 2244 587 accedere
2277 540 2337 586 ad
2369 537 2579 602 aliquem,

252 634 325 678 vel
359 632 486 693 apud
520 632 716 690 aliquem
740 631 919 676 versari.
953 630 1115 675 Manil.
1153 629 1200 687 5,
1236 621 1319 676 44.
1355 635 1601 692 totumque
1624 630 1755 676 volet
1781 636 1989 677 tranare
1999 631 2311 692 profundum
2325 633 2580 695 puppibus

252 729 399 784 atque
446 723 573 768 alios
619 721 799 782 menses
844 721 1090 782 aliumque
1125 721 1295 766 videre
1334 720 1539 785 Phafin.
1579 721 1609 766 ἱ.
1661 736 1701 766 e.
1741 722 1882 766 visere
1928 721 2107 767 Phasin.
2153 723 2317 784 virgil.
2363 724 2483 774 Aen.
2531 725 2579 782 3,

252 814 367 857 429.
396 814 626 877 praestat
655 813 901 857 Trinacrii
923 818 1079 857 metas
1114 811 1337 876 lustrasti?
1361 811 1589 871 Pachyni
1611 810 1945 875 ceffamem—
1967 828 2119 872 quam
2137 810 2294 871 fiwel
2318 813 2579 876 informem

253 903 386 969 vasto
421 903 522 948 vidi
563 918 589 947 e
608 902 707 965 sub
742 908 888 948 antro
926 896 1146 965 Scyllam
1198 902 1228 946 i.
1265 879 1305 946 e.
1353 901 1492 946 adire.
1539 903 1756 963 Propert.
1803 903 1835 960 1,
1871 903 1901 958 l,
1936 902 2002 947 12.
2037 902 2141 948 ibat
2165 908 2211 947 et
2245 903 2462 966 hirsutas
2494 906 2578 950 ille

253 994 420 1039 videre
439 993 611 1056 seras,
646 993 850 1054 intellige
897 993 1124 1049 accedere,
1159 993 1275 1037 inter
1309 991 1424 1038 seras
1458 992 1637 1049 versari,
1671 1000 1723 1038 ut
1757 993 1788 1049 l,
1825 993 1872 1049 9,
1911 994 1977 1038 19.
2016 992 2065 1037 Si
2103 993 2246 1054 igitur
2280 993 2482 1040 Catullus
2515 997 2577 1041 ita

251 1083 439 1143 scripsit,
473 1089 623 1128 narrat
660 1083 705 1127 se
749 1083 792 1126 in
839 1082 925 1127 hac
961 1082 1299 1144 investigatione
1334 1082 1466 1127 etiam
1500 1081 1560 1126 ad
1592 1082 1778 1127 seminas
1809 1081 2042 1139 accessisse,
2077 1097 2241 1141 easque
2275 1097 2365 1128 non
2399 1085 2577 1131 moroso

250 1172 328 1217 sed
363 1172 520 1219 sereno
558 1174 685 1219 vultu
725 1171 893 1229 adiiss'e,
933 1180 1172 1219 tunm-vero
1210 1173 1272 1218 ita
1317 1170 1621 1232 compellall'e,
1657 1178 1708 1217 ut
1739 1172 1806 1217 ira
1840 1187 1941 1218 cum
1975 1173 2076 1218 ioco
2121 1173 2396 1220 misceretur.
2440 1176 2578 1232 Quod

250 1263 397 1321 ipsum
441 1279 531 1308 non
567 1263 810 1308 absurdum
845 1262 1035 1307 videtur.
1071 1263 1163 1306 Alii
1196 1263 1510 1307 intellexerunt
1545 1262 1801 1321 puellarum
1835 1263 2024 1307 vultum.
2060 1263 2183 1308 Tum
2217 1271 2357 1322 poeta
2391 1263 2500 1311 dicit
2532 1266 2578 1309 se

250 1351 477 1411 prendiss'e
524 1353 698 1412 puellas
744 1366 910 1407 omnes,
944 1352 1109 1397 scilice-t
1144 1368 1232 1409 eas,
1269 1367 1380 1411 quas
1415 1367 1504 1396 non
1539 1351 1750 1418 morosas,
1784 1352 1862 1396 sed
1896 1352 2069 1396 serenas
2104 1352 2230 1398 vultu
2265 1351 2455 1398 vidisset.
2490 1354 2576 1398 Se-

250 1458 380 1487 renus
414 1444 562 1488 vultus
597 1443 714 1487 enim
748 1443 810 1488 ita
843 1442 1006 1488 dicitur
1041 1443 1099 1487 ab
1120 1443 1314 1487 Horatio
1350 1441 1502 1490 carm.
1541 1443 1572 1499 l,
1609 1442 1689 1499 37,
1713 1441 1796 1487 25.
1818 1451 1863 1488 et
1884 1459 1910 1486 a
1933 1442 2152 1488 Suetonio
2172 1444 2296 1505 Aug.
2331 1444 2414 1489 46.
2438 1444 2576 1489 Prae-

249 1534 331 1578 stat
366 1550 479 1596 ergo
528 1535 750 1595 scriptura
770 1533 996 1595 serenas,
1044 1550 1179 1594 quam
1229 1534 1438 1578 Muretus
1472 1540 1517 1578 et
1550 1533 1865 1578 Lachmannus
1900 1542 2182 1594 receperunt.
2219 1534 2431 1580 Ceterum
2465 1552 2575 1596 qua-

248 1633 352 1670 tuor
389 1626 494 1670 libri
528 1625 821 1687 suppeditant
854 1625 916 1683 id,
955 1625 1081 1684 quod
1126 1624 1333 1669 versuum
1378 1625 1538 1669 rationi
1572 1625 1791 1682 convenit,
1827 1625 1984 1670 video.
2021 1625 2075 1669 ld
2110 1632 2329 1671 mutatum
2364 1627 2426 1671 est
2459 1643 2487 1671 a
2520 1628 2573 1671 li·

249 1715 406 1761 brariis
441 1716 503 1761 ob
537 1715 755 1776 temporis
789 1715 1100 1760 diversitatem.
1138 1714 1199 1759 At
1232 1715 1415 1760 libertas
1449 1714 1800 1775 elegantioribus
1834 1715 2142 1775 scriptoribus,
2176 1716 2395 1776 imprimis
2429 1717 2576 1777 poetis

246 1803 462 1863 concessa,
507 1820 598 1865 qua
645 1805 853 1865 praesens
901 1819 1003 1850 cum
1049 1804 1269 1863 perfecto,
1320 1818 1402 1849 nec
1435 1810 1608 1850 tantum
1643 1804 1688 1849 in
1722 1804 1975 1850 narratione
2009 1805 2309 1865 componitur,
2345 1806 2575 1865 aliquanto

244 1892 374 1937 latius
424 1899 553 1951 patet
598 1907 733 1951 quam
784 1893 1064 1952 grammatici
1098 1891 1359 1948 existimant,
1395 1905 1534 1936 unum
1569 1892 1839 1937 vocabulum
1874 1893 1989 1936 dum
2024 1901 2238 1937 tenentes.
2273 1895 2489 1954 Propert.
2523 1895 2572 1951 2,

246 1982 292 2035 7,
335 1982 377 2026 1.
412 1981 595 2044 gavisa
630 1997 681 2027 es
714 1987 847 2027 certe
870 1979 1140 2043 sublatam,
1181 1979 1406 2041 Cynthia,
1435 1980 1610 2041 legem,
1645 1996 1745 2041 qua
1771 1980 2021 2040 quondam
2045 1980 2207 2027 edicta
2216 1981 2406 2044 flemus
2439 1990 2573 2030 nter-

244 2087 335 2133 que
370 2072 468 2118 diu.
506 2073 670 2134 Virgil.
710 2073 825 2117 Aen.
861 2071 911 2128 2,
949 2071 1049 2117 663
1086 2070 1178 2115 hoc
1213 2076 1338 2128 erat,
1375 2070 1512 2116 alma
1539 2084 1746 2132 parens,
1772 2071 1905 2131 quod
1937 2085 2012 2116 me
2041 2085 2138 2132 per
2166 2071 2281 2129 tela,
2316 2088 2410 2134 per
2439 2074 2571 2137 ignis

245 2164 409 2225 eripis.
448 2162 580 2208 Cous.
607 2163 864 2207 Hermann.
889 2162 948 2206 de
981 2161 1203 2221 particula
1238 2160 1304 2205 ἄν.
1341 2175 1391 2220 p.
1427 2161 1507 2206 39.

380 2253 456 2298 Vs.
494 2254 542 2299 9.
579 2253 769 2298 Codices
814 2253 1001 2297 mirifice
1035 2252 1222 2296 variant.
1268 2250 1461 2311 Legitur
1496 2266 1529 2295 a
1563 2250 1716 2306 velue,
1755 2251 1964 2306 avellite,
2001 2252 2189 2308 avelite,
2222 2253 2386 2311 aulite,
2428 2270 2462 2302 a
2496 2256 2572 2300 vel

247 2350 316 2395 ee.
362 2345 431 2390 ah
467 2344 645 2401 vellite,
688 2344 757 2391 ah
788 2344 866 2391 vel
904 2349 963 2400 te,
998 2343 1102 2389 auli
1137 2348 1198 2388 et.
1246 2340 1451 2403 Scaliger
1485 2356 1574 2402 pro
1609 2356 1642 2387 a
1676 2337 1803 2387 dedit
1835 2342 1944 2399 has,
1989 2342 2115 2402 quod
2160 2343 2348 2402 librarii,
2393 2346 2426 2391 li
2468 2354 2570 2393 ante

247 2437 400 2482 oculos
434 2435 705 2493 habuissent,
741 2443 861 2481 certe
896 2449 985 2481 non
1020 2432 1283 2480 mutassent:
1319 2434 1386 2478 ah
1421 2431 1546 2491 quod
1579 2432 1626 2476 in
1646 2431 1823 2478 duobus
1846 2433 1974 2478 libris
1999 2434 2147 2479 inveni
2174 2442 2220 2480 et
2241 2450 2343 2482 cum
2368 2437 2566 2483 Webero

246 2526 560 2573 Laohmannus
607 2527 793 2587 recepit,
829 2527 874 2570 in
910 2525 1180 2572 allocutione
1225 2523 1396 2582 admitti
1443 2520 1605 2583 poss'et,
1640 2522 1700 2567 ab
1735 2522 1826 2572 hac
1856 2524 2111 2570 narratione
2144 2525 2328 2585 prorsus
2372 2526 2565 2572 alienum

243 2617 318 2662 est.
367 2618 582 2677 Reliquas
626 2618 826 2663 virorum
874 2617 1111 2662 doctorum
1160 2615 1434 2659 coniecturas
1469 2620 1706 2674 praetereo
1742 2621 1894 2659 tenens
1928 2614 2034 2671 hoc,
2070 2614 2353 2661 scribendum
2388 2615 2478 2661 ess'e
2512 2625 2565 2663 at

207 2703 209 2706 ⁴
243 2709 320 2752 vel
366 2714 412 2753 te
434 2708 514 2773 fic
548 2709 647 2771 ipse
663 2707 996 2772 flagitabam.
1030 2708 1099 2753 At
1148 2706 1276 2751 suum
1319 2705 1470 2750 locum
1517 2703 1592 2747 hic
1640 2719 1695 2748 eo
1730 2704 1869 2750 modo
1904 2713 2112 2766 occupat,
2149 2721 2241 2765 quo
2275 2707 2567 2753 antecedente

243 2806 404 2844 tamen
438 2800 588 2846 rursus
623 2799 681 2844 ad
720 2800 981 2845 sententiam
1032 2797 1301 2859 interpositis
1339 2796 1485 2840 verbis
1519 2795 1763 2841 restrictam
1797 2796 1984 2854 reducit,
2020 2797 2158 2843 veluti
2178 2797 2276 2859 ιΙὲῑψί
2308 2798 2435 2859 apud
2471 2798 2564 2844 Cic.

244 2889 303 2933 ad
338 2890 433 2935 Att.
469 2891 515 2947 6,
552 2890 600 2950 2.
631 2906 732 2952 pro
774 2891 939 2952 Appio
978 2904 1067 2935 nos
1103 2889 1180 2934 hic
1217 2887 1377 2933 omnia
1397 2886 1661 2948 faciemus,
1699 2887 1891 2951 honeste
1925 2893 2101 2944 tamen,
2116 2886 2215 2949 Jed
2228 2888 2384 2950 plane
2416 2889 2565 2934 liben-

2006 2978 2047 3021 B
2088 2993 2112 3023 2
