2865 3560
1155 120 1221 130 ..
1362 94 1426 147 12
1567 120 1630 131 ....

229 236 314 276 ter.
371 215 480 276 Vel
504 244 655 293 prope
702 231 874 276 accedit
908 232 967 277 ad
1013 203 1378 294 fignificationem
1412 233 1622 277 vocabuli
1655 233 1817 288 immo,
1852 228 2048 292 quocum
2084 234 2218 279 etiam
2252 235 2553 295 componitur.

226 322 379 369 Plaut.
414 322 554 367 Truc.
591 321 638 380 3,
674 321 723 380 4,
759 322 842 369 22.
879 322 973 369 Cic.
1009 323 1067 369 de
1103 324 1227 385 Rep.
1263 323 1310 381 3,
1346 323 1428 370 34.
1462 323 1562 386 sed
1586 329 1747 370 tamen
1792 323 1871 370 vel
1893 337 2104 386 reg-uum
2137 324 2270 371 malo
2308 340 2457 387 quam
2497 324 2556 371 li—

229 413 397 458 berum
421 412 681 476 populum.
716 413 830 475 Ipse
856 414 917 458 est
954 414 1051 473 ipse
1086 428 1192 474 ego,
1229 415 1308 473 qui
1343 429 1432 459 non
1466 415 1591 460 soleo
1625 416 1688 460 ita
1721 429 1824 461 cum
1857 415 2019 474 puellis
2053 415 2197 474 loqui.

362 503 449 556 Va.
483 505 561 549 10.
597 504 672 548 Ab
708 481 913 547 omnibus
936 503 1062 548 libris
1088 505 1282 563 antiquis
1318 504 1440 550 abest
1463 505 1735 551 vocabulum
1754 503 1949 568 finum.-
1982 504 2155 549 habent
2191 513 2340 550 autem
2375 505 2556 551 nudum

228 594 423 651 reduce,
447 593 627 638 nudum
663 592 834 650 reduc,
877 593 1122 653 parifienfis
1159 593 1341 654 (8458)
1377 595 1559 640 nudum
1592 595 1844 641 reducens.
1885 593 2174 640 Correctores
2208 594 2479 640 addiderunt
2512 595 2558 639 in

229 683 496 743 quibusdam
528 682 657 727 libris
705 681 791 728 tibi
842 683 944 744 post
977 698 1020 728 v.
1055 684 1221 746 inquil.
1258 684 1427 730 Sinum
1461 684 1636 730 addidit
1668 685 1898 741 Avantius,
1935 685 1994 728 ab
2028 684 2276 730 editoribus
2311 691 2557 745 receptum.
2584 698 2588 703 ¹

228 774 472 834 Explicant
504 774 689 818 nudum
701 772 869 837 finum
903 775 1141 819 reducere
1162 773 1251 819 ess'e
1286 775 1458 820 nudare
1493 783 1675 841 pectus:
1710 775 1788 820 sed
1815 774 2047 834 quomodo
2072 750 2128 818 ¹id
2149 775 2286 820 latine
2319 775 2556 830 diceretur,

226 879 360 909 nemo
392 862 669 921 monstravit,
705 879 786 908 nec
821 880 938 923 quae
972 865 1059 909 alia
1108 874 1372 924 comparant
1418 867 1629 925 exempla
1672 865 1912 924 quadrant.
1948 866 2064 914 Nam
2100 864 2226 925 apud
2261 863 2558 910 Claudianum

227 955 271 999 in
306 954 509 1015 Eutrop.
561 954 605 1010 1,
642 954 723 1000 36.
759 934 930 1000 leviter
965 954 1180 1001 reductis
1219 954 1439 1013 vestibus,
1469 955 1637 1002 dictum
1662 955 1723 1000 est
1757 953 1815 999 de
1842 955 2059 1016 spadone,
2094 955 2173 1015 qui
2207 955 2412 1000 ancillam
2449 970 2558 1015 pre-

226 1044 387 1090 hendit
421 1051 467 1089 et
499 1060 527 1088 a
559 1051 696 1105 tergo
729 1045 920 1104 arreptis
954 1045 1147 1089 vestibus
1190 1045 1423 1090 subfistere
1456 1046 1592 1091 iuslit.
1627 1044 1798 1089 Seneca
1833 1046 1971 1090 Herc.
2010 1044 2116 1091 Oet.
2158 1044 2288 1091 1668
2322 1051 2484 1091 mater
2511 1046 2558 1089 iu

229 1137 407 1181 luctum
403 1134 590 1196 furens
600 1135 804 1180 deduxit
821 1135 1020 1179 avidum
1025 1142 1227 1196 pectue:
1252 1151 1369 1195 quae
1387 1135 1444 1179 ad
1459 1134 1776 1180 Catulliverba
1801 1150 1891 1179 non
1905 1133 2089 1195 poss'unt
2099 1135 2273 1180 referri.
2308 1136 2398 1180 Hic
2410 1143 2560 1181 autem

226 1227 324 1284 ipse
346 1225 459 1268 dixit
471 1226 517 1267 in
540 1225 736 1268 carmine
760 1225 819 1269 de
842 1240 971 1268 coma
991 1225 1231 1269 Berenices
1259 1241 1302 1269 v.
1316 1225 1378 1270 81
1408 1227 1649 1270 nudantes
1672 1226 1855 1271 reiecta
1879 1226 2006 1290 veste
2020 1225 2264 1287 papillas.
2291 1226 2417 1280 Quid
2451 1241 2560 1269 vero

226 1313 571 1377 intelligendum
605 1312 728 1371 ess'et,
764 1315 998 1376 cognitum
1023 1313 1281 1360 habuerunt
1314 1315 1345 1359 ii
1379 1315 1566 1372 librarii,
1603 1316 1682 1376 qui
1719 1321 1920 1361 extremo
1954 1315 2084 1361 versu
2119 1314 2390 1361 addiderunt
2424 1328 2530 1360 eum
2545 1332 2558 1359 .·

228 1404 339 1465 quid
384 1404 720 1462 restituendum,
769 1404 1001 1450 fervarunt
1048 1405 1223 1451 codices
1272 1407 1522 1451 veronenlis
1569 1413 1635 1450 et·
1660 1406 2032 1467 guelferbytanus
2078 1412 2124 1450 et
2168 1406 2391 1467 margines
2426 1406 2560 1451 trium

226 1496 465 1542 librorum.
500 1495 801 1542 Scribendum
836 1496 953 1541 enim
988 1496 1049 1541 est
1084 1497 1330 1558 quaedam
1353 1496 1518 1558 inquit,
1556 1501 1608 1543 tu
1640 1497 1876 1543 nudulum
1910 1497 2117 1552 reduce,·
2152 1496 2359 1558 intellige
2393 1494 2556 1541 Came-

226 1587 359 1642 rium‚
396 1586 476 1645 qui
510 1601 648 1646 quam
681 1585 830 1632 iocose
865 1586 1126 1646 appelletur
1160 1587 1334 1642 nudus,
1368 1601 1459 1632 uon
1486 1586 1548 1632 est
1583 1586 1712 1646 quod
1745 1601 1984 1647 exponam.
2021 1587 2075 1631 In
2108 1585 2371 1632 diminutiva
2393 1619 2395 1621 .
2415 1584 2585 1631 forma

228 1682 420 1736 apparet
469 1675 639 1722 Catulli
682 1690 795 1721 mos.
842 1677 911 1721 lta
957 1692 1001 1721 v.
1058 1677 1137 1724 17.
1186 1676 1428 1722 lacteolae
1468 1676 1685 1737 puellae.
1732 1676 1778 1732 3,
1818 1675 1898 1721 18.
1935 1676 2178 1738 turgiduli
2216 1674 2370 1721 ocelli.
2408 1676 2561 1735 Atque

227 1767 376 1825 ipsum
409 1765 501 1810 hoc
534 1766 806 1811 vocabulum
845 1765 989 1810 habet
1022 1766 1288 1825 Spartianus
1323 1767 1368 1809 in
1402 1766 1597 1810 carmine
1630 1765 1848 1809 Hadriani
1884 1782 1922 1809 c.
1959 1765 2042 1811 25.
2078 1764 2339 1811 Reducere
2371 1766 2562 1825 proprie

224 1857 470 1914 usurpatur
505 1868 562 1897 eo
594 1855 748 1909 modo,
783 1868 877 1910 quo
911 1854 1152 1897 Terentius
1186 1854 1305 1897 Hee.
1338 1852 1386 1907 4,
1422 1852 1468 1907 2,
1504 1851 1588 1896 29.
1626 1852 1807 1896 reduce
1839 1852 1994 1897 illam.
2238 1848 2242 1851 ¹

363 1943 440 1988 Vs.
484 1943 551 1987 13.
587 1941 795 2003 Scaliger
838 1942 1027 1987 restituit
1045 1942 1213 2004 serre.
1250 1942 1548 2003 Interpolatio
1584 1941 1702 1986 facta
1737 1947 1833 1986 erat
1867 1942 1912 1985 in
1946 1942 2138 2001 antiquis
2174 1941 2445 1987 editionibus
2467 1941 2562 2003 sed

229 2043 275 2081 te
309 2048 551 2097 quaerere
585 2034 684 2079 iam
720 2032 952 2078 Herculis
987 2031 1130 2078 labos
1176 2033 1257 2096 efi.

354 2124 444 2170 Vs.
490 2124 558 2169 14.
603 2123 780 2188 Faflus
814 2123 1004 2183 proprie
1054 2123 1216 2168 dicitur
1251 2123 1309 2166 de
1343 2123 1407 2173 iis,
1447 2123 1525 2181 qui
1559 2123 1605 2166 in
1640 2137 1793 2167 amore
1827 2123 2032 2168 difficiles
2067 2122 2432 2168 consuetudinem
2480 2122 2562 2165 de-

228 2220 434 2261 trectant.
484 2213 602 2258 Vide
651 2214 899 2259 Burmann.
950 2212 1010 2257 ad
1044 2213 1260 2273 Propert.
1297 2212 1343 2269 3,
1381 2213 1430 2266 ll,
1469 2213 1516 2257 9.
1553 2212 1604 2255 In
1640 2212 1826 2257 eamden
1861 2213 2121 2258 sententiam
2156 2213 2319 2257 dicitur
2353 2226 2561 2274 negare.
2603 2273 2605 2275 Ι

228 2304 569 2360 Emendatione,
606 2318 696 2362 qua
713 2302 923 2348 Muretus
939 2302 1113 2363 scripfit
1128 2308 1264 2347 tanto
1282 2301 1518 2366 ten'safiu
1530 2317 1703 2364 negas,
1730 2317 1820 2346 non
1840 2318 1956 2364 opus
1980 2303 2056 2359 est,
2092 2318 2174 2347 nec
2198 2302 2563 2362 interrogationis

229 2395 423 2438 formam
456 2394 578 2438 subit
624 2394 797 2449 oratio,
836 2408 955 2452 quae
989 2392 1346 2453 magnitudinem
1380 2393 1446 2437 rei
1481 2392 1683 2437 miratur.
1730 2393 1825 2437 Pro
1859 2392 2016 2438 amice
2050 2393 2193 2436 codex
2226 2393 2367 2451 palat.
2394 2406 2561 2451 papyr.

229 2485 423 2546 praebet
455 2484 629 2540 amico,
667 2483 791 2543 quod
819 2499 910 2529 non
933 2482 1072 2529 modo
1100 2498 1190 2527 non
1224 2483 1447 2543 displicet,
1483 2482 1563 2527 sed
1597 2482 1819 2539 restitutis,
1854 2484 1935 2542 qui
1959 2483 2035 2528 hic
2057 2482 2332 2537 exciderunt,
2367 2480 2563 2527 versibus

229 2575 376 2620 nescio
412 2590 468 2618 an
503 2574 716 2636 praestet.

366 2666 443 2711 Vs.
477 2664 545 2711 15.
571 2664 764 2711 Guietus
786 2664 974 2710 coniecit
995 2664 1075 2710 dic
1097 2663 1250 2721 nobie,
1287 2663 1370 2709 ubi
1390 2663 1493 2728 fis:
1503 2662 1714 2724 secamus
1735 2664 1838 2710 ede.
1862 2664 1925 2708 At
1959 2664 2109 2709 omnia
2135 2663 2240 2708 sana
2273 2663 2374 2709 funt
2407 2662 2562 2707 verba.

231 2757 460 2802 Sententia
496 2757 582 2802 est:
651 2756 740 2813 dic,
776 2756 855 2817 ubi
889 2763 937 2802 te
969 2755 1204 2801 inveniam.
1250 2755 1428 2801 Voffius
1461 2754 1635 2815 scripfit
1680 2755 1769 2802 ede
1803 2754 1907 2813 hoc,
1943 2753 2070 2816 quod
2104 2754 2149 2799 in
2185 2753 2425 2800 editionem
2461 2768 2563 2798 can-

228 2847 548 2910 tabrigienfem
581 2853 830 2909 receptum.
867 2846 1058 2894 Codices
1091 2862 1183 2894 non
1217 2847 1561 2908 adstipulantur.
