2865 3560
283 143 318 149 --
329 143 360 148 —
369 141 453 148 ›eu-0-
466 132 2192 155 -o-o—wfflw——r————
2214 144 2221 147 -

1010 479 1078 548 Q.
1116 477 1451 540 VALERII
1490 476 1845 541 CATVLLI

1260 601 1483 644 CARMEN
1509 602 1580 643 Lv

786 706 851 751 1N
885 705 1234 763 ANTIQVAM·
1264 704 1559 753 FORMAM
1590 703 2037 753 nsssnrv‘rvm.
2117 680 2132 720 4

234 1100 237 1101 ⁷
264 980 360 1092 ln
394 1045 662 1114 carminibus
695 1042 865 1090 Catulli
891 1044 1309 1105 quinquagelimnm
1335 1023 1567 1104 quintum,
1591 1044 1651 1089 ad
1687 1043 1944 1090 cameriam
1982 1041 2172 1100 missum,
2207 1057 2299 1089 non
2334 1042 2472 1088 modo
2508 1044 2603 1088 εἰει

263 1136 494 1197 gantiores
525 1134 731 1180 homines
764 1133 1018 1178 admirabili
1052 1134 1281 1180 venustate
1313 1141 1360 1180 et
1389 1135 1550 1181 festivo
1584 1136 1747 1195 lepore
1769 1134 2040 1191 delectabat,
2076 1132 2155 1179 sed
2183 1133 2318 1179 etiam
2338 1132 2443 1179 viris
2456 1133 2599 1179 doctis

265 1225 442 1287 largam
477 1223 703 1270 offerebat
735 1209 976 1269 differendi
1009 1225 1257 1271 materiem.
1302 1225 1420 1271 Nam
1453 1239 1512 1271 ne
1547 1225 1606 1271 de
1638 1225 1867 1270 venustate
1905 1225 2084 1284 loquar,
2119 1239 2237 1285 quae
2271 1225 2422 1269 sentiri
2457 1224 2599 1284 magis

266 1331 405 1374 quam
449 1314 740 1359 demonstrari
779 1314 942 1375 potest,
991 1315 1143 1376 legem
1175 1315 1573 1375 hendecasyllabo,
1623 1331 1718 1375 qno
1767 1330 1947 1361 carmen
1989 1315 2104 1360 illud
2153 1315 2339 1372 constat,
2387 1315 2598 1374 scriptam

264 1421 407 1465 quum
441 1405 592 1450 multis
624 1405 670 1449 in
703 1405 900 1450 verfibns
933 1405 1219 1465 repudiatam
1256 1404 1464 1452 vidiss'ent
1487 1406 1643 1463 critici,
1679 1406 1863 1466 dactylo
1887 1406 1934 1449 in
1956 1405 2208 1465 spondeum
2230 1411 2420 1458 mutato,
2461 1403 2599 1447 officii

265 1494 333 1565 sui
367 1493 458 1539 esse
491 1494 728 1559 putabant,
763 1502 814 1540 ut
848 1509 966 1552 quae
1004 1502 1220 1555 corrupta
1262 1493 1353 1540 ess'e
1391 1495 1666 1552 viderentur,
1702 1496 1871 1557 corrigi
1908 1503 1954 1541 et
1989 1495 2048 1539 ad
2083 1511 2302 1552 normam,
2339 1495 2458 1541 unde
2496 1508 2600 1537 ver-

265 1587 336 1631 sus
370 1585 449 1630 ille
484 1599 648 1630 nomen
672 1584 829 1641 habet,
863 1583 1011 1643 redigi
1031 1584 1256 1629 iuberent.
1294 1584 1398 1644 Ipse
1418 1583 1705 1631 Hermannus
1732 1585 1779 1630 in
1801 1584 2048 1631 Elementis
2072 1585 2216 1630 doctr.
2246 1591 2376 1631 metr.
2404 1599 2454 1645 p.
2483 1584 2600 1629 368.

264 1676 439 1737 scripfit
453 1690 465 1720 ε
482 1686 487 1689 ’
502 1674 737 1732 „Catullus
746 1689 837 1718 uno
852 1680 1026 1719 tantum
1040 1674 1087 1718 in
1098 1674 1292 1719 carmine
1303 1674 1390 1719 LV
1400 1691 1568 1737 magno
1580 1691 1683 1720 cum
1694 1675 1945 1736 elegantiae
1960 1648 2232 1721 detrimento
2245 1674 2499 1736 spondeum
2513 1689 2601 1734 pro

265 1768 467 1827 dactylo,
502 1781 584 1810 nec
631 1766 770 1810 semel
814 1765 1036 1814 admifit.“
1070 1766 1291 1822 Nobbius‚
1333 1766 1413 1825 qui
1446 1766 1505 1811 de
1540 1767 1693 1811 metris
1727 1765 1895 1811 catulli
1929 1767 2044 1812 dnos
2080 1752 2259 1812 libellos
2298 1765 2454 1822 edidit,
2489 1764 2602 1808 nihil

253 1840 391 1901 *aliud
435 1856 546 1916 egit,
593 1870 729 1913 quam
779 1861 831 1898 ut
879 1862 1175 1910 enumeraret,
1209 1861 1323 1913 quot
1358 1854 1499 1900 elsent
1531 1856 1682 1900 versus
1716 1856 1836 1899 istius
1870 1856 1894 1898 s
1891 1856 2099 1914 pondiaci
2138 1858 2331 1916 generis.
2366 1854 2603 1914 Siquidem

264 1961 375 1990 vero
427 1945 537 1989 iusta
582 1924 730 1988 causs'a
774 1950 964 2003 poetam
1003 1943 1259 1998 commovit,
1294 1949 1345 1986 ut
1380 1956 1405 1985 a
1440 1945 1603 2003 regula
1635 1943 1899 1998 discederet,
1936 1946 2208 2003 elegantiam
2244 1961 2335 1988 non
2370 1946 2599 1994 abolitam,

267 2035 346 2080 sed
382 2033 695 2096 significantius
730 2030 1001 2097 expressam*
1123 2031 1311 2076 ebimus.
1351 2030 1506 2090 Atque
1538 2029 1657 2075 hanc
1679 2028 1873 2075 caussam
1897 2046 2008 2077 unus
2028 2033 2246 2077 intellexit
2267 2033 2390 2077 Isaac
2426 2026 2601 2077 Yollius

268 2142 319 2185 p.
358 2124 445 2170 121
495 2138 700 2169 monens:
751 2121 926 2179 „studio
1059 2120 1177 2167 nllus
1224 2120 1270 2165 in
1316 2119 1409 2166 hoc
1441 2119 1603 2181 pasfim
1637 2120 1966 2181 epigrammate
2002 2131 2093 2169 tam
2127 2123 2413 2184 tardigrados
2448 2132 2601 2183 captat

269 2230 492 2270 numeros,
543 2222 593 2258 ut
626 2214 752 2259 suam
786 2212 1011 2273 exprimat
1043 2211 1391 2258 laffitudinem.“
1427 2211 1534 2267 Quo
1569 2210 1812 2271 perspecto
1847 2211 2038 2267 Voffius,
2089 2221 2139 2258 ut
2174 2214 2403 2260 confilium
2438 2222 2603 2274 poetae

268 2306 634 2364 persequeretur,
683 2303 941 2364 graviorem
985 2302 1193 2362 versuum
1228 2302 1434 2355 formam,
1486 2301 1761 2360 ubicumque
1805 2303 1902 2346 fieri
1950 2303 2112 2362 poll'et,
2150 2304 2221 2348 vel
2257 2304 2315 2349 de
2349 2305 2602 2351 coniectura

271 2395 471 2452 restituit,
498 2372 608 2439 'non
643 2393 700 2438 ad
734 2394 783 2438 id
817 2400 1025 2450 attentus,
1073 2392 1199 2452 quod
1234 2391 1439 2439 Catullus
1479 2391 1641 2436 eximia
1673 2406 1775 2436 cum
1810 2399 1907 2436 arte
1961 2391 2206 2453 effecerit.»
2238 2392 2385 2449 Quare
2433 2409 2601 2453 operae

271 2487 467 2546 pretium
502 2486 693 2542 videtur,
734 2486 1039 2547 negligentiae
1073 2484 1369 2544 suspicionem
1401 2490 1567 2543 poetae
1601 2482 1927 2543 elegantissimo
1962 2485 2167 2529 iniectani
2194 2486 2323 2528 certis
2358 2485 2603 2529 rationibus

272 2576 480 2635 expolitis
515 2589 760 2619 removere.

405 2664 650 2721 Camerius,
704 2664 776 2709 cui
809 2665 962 2724 scripti
998 2664 1099 2709 sunt
1133 2663 1184 2707 hi
1220 2661 1600 2722 hendecasyllabi,
1649 2663 1748 2722 quis
1782 2642 1942 2721 fuerit,
1972 2665 2199 2720 nescimus,
2237 2678 2319 2710 nec
2354 2664 2602 2722 quidquam

270 2755 410 2813 refert
445 2756 503 2799 ad
538 2754 854 2816 explicandum
887 2755 1038 2816 ipsum
1071 2769 1250 2800 cannen
1272 2753 1330 2798 de
1363 2753 1459 2798 eins
1489 2768 1658 2815 genere
1692 2761 1776 2800 ant
1803 2755 1998 2816 persona
2033 2769 2267 2815 quaerere.
2305 2755 2486 2800 Amicus
2507 2764 2602 2798 erat

274 2846 441 2891 Catulli
477 2853 537 2902 et,
576 2854 625 2891 ut
661 2846 851 2904 videtur,
887 2846 932 2890 in
966 2846 1085 2891 vitae
1119 2853 1257 2906 atque
1290 2846 1451 2890 amoris
1486 2845 1755 2890 commercio
1793 2846 1973 2903 sodalis,
2020 2847 2097 2891 sed
2148 2855 2244 2892 tum
2279 2846 2495 2906 temporis
2543 2844 2601 2886 de
