2865 3560
1214 132 1282 144 ....
1418 107 1453 157 4
1589 133 1655 143 ....

267 241 410 310 sunt‚·
446 243 515 298 ad
553 241 774 298 salutem
811 240 1147 314 reipublicae
1185 242 1376 318 refert,
1412 259 1520 300 nec
1561 245 1813 316 pietatem
1868 259 1935 298 ac
1974 242 2163 317 fidem,
2216 249 2483 317 tamquam
2522 247 2608 300 in-

269 341 473 398 vidiosa
513 345 775 399 virtutum
816 347 1043 418 nomina,
1081 341 1198 400 finit
1237 347 1433 401 everti.

427 444 589 500 Haec
629 460 782 516 quae
806 444 918 501 dixi
957 443 1236 500 admodum
1274 438 1536 520 vulgaria
1574 452 1631 502 et
1670 446 1891 518 antiqua
1930 440 2041 505 ell'e
2097 442 2394 503 censebunt
2433 460 2610 502 nova-

269 561 392 601 rum
429 561 616 601 rerum
654 542 885 599 studiofi:
923 551 1106 601 tamen
1143 544 1263 601 sunt
1301 550 1629 620 praecepta,
1669 562 1814 619 quae
1854 542 2050 601 etiamfi
2079 547 2338 624 'omnibus
2358 548 2606 622 *cognita

272 651 330 703 et
368 647 556 701 animis
599 642 745 716 quali
783 647 969 701 innata
1010 646 1314 719 videantur,
1354 649 1514 702 etiam
1554 647 1700 716 apud
1725 646 2111 717 prudentiores
2140 651 2347 702 tantum
2374 648 2610 712 valeant,

272 751 331 802 ut
368 747 604 817 repetita
644 760 832 802 eorum
871 748 1069 802 mentio
1111 746 1255 802 haud
1294 749 1513 822 ingrata
1554 746 1648 801 ad
1665 745 1989 803 incitandam
2029 747 2362 804 voluntatem
2404 744 2611 803 officio-

270 845 379 903 sam
416 827 821 903 commodiffime
856 847 1193 926 adhibeatur.
1234 850 1425 920 Atque
1466 846 1760 919 sapientiae
1802 864 1911 903 una
1951 844 2029 903 est
2068 853 2125 903 et
2151 845 2480 920 sempiterna
2507 850 2614 919 vis,

271 947 404 1003 nulli
446 952 746 1019 temporum
785 945 1121 1003 viciffitudini
1163 948 1412 1003 obnoxia.
1453 950 1631 1004 Vobis
1671 952 1868 1022 autem,
1909 949 2068 1005 cives
2083 988 2099 1022 ,
2114 941 2286 1022 'quae
2326 944 2613 1020 hucusque

274 1052 395 1105 erat
437 1045 618 1103 vestra
657 1048 928 1121 voluntas,
970 1064 1117 1103 nova
1156 1048 1380 1104 offertur
1419 1064 1540 1104 eam
1580 1052 1637 1104 in
1674 1046 1942 1121 posterum
1995 1047 2247 1104 servandi
2290 1050 2613 1120 opportuni-

272 1154 376 1204 tas.
417 1147 608 1203 Prodit
646 1150 789 1204 enim
826 1164 1008 1203 novus
1050 1152 1355 1222 prorector,
1374 1208 1379 1214 ,
1399 1165 1433 1204 a
1472 1148 1658 1205 senatu
1699 1149 2007 1206 academico
2048 1150 2260 1207 electus
2276 1189 2292 1222 ,
2332 1166 2364 1205 a
2403 1151 2613 1219 princi-

273 1250 442 1320 pibus
485 1246 803 1305 constitutus

707 1349 1411 1408 nuNus'rvs
1477 1321 2171 1408 -R'nanoLn

795 1445 1187 1484 PmLosopmAE
1227 1445 1449 1486 DOCTOR
1487 1447 1558 1484 ET
1600 1446 1919 1497 PROFESSOR
1960 1448 2008 1485 P.
2050 1446 2099 1485 0.

276 1532 364 1584 vir
407 1529 566 1586 vobis
606 1530 711 1585 iam
751 1526 880 1586 satis
924 1532 1201 1605 cognitus.
1286 1528 1646 1602 Philosophus
1688 1527 1795 1604 est,
1835 1533 1927 1603 qui
1969 1545 2003 1586 e
2041 1528 2336 1602 sapientiae
2377 1527 2617 1585 fontibus

277 1630 572 1685 doctrinam
612 1631 946 1702 reipublicae
985 1630 1274 1708 gerendae
1313 1627 1498 1703 haufit,
1537 1613 1869 1686 celebratum
1908 1631 2073 1686 habet
2110 1645 2307 1686 nomen
2345 1645 2456 1685 non
2495 1634 2618 1685 tan-

275 1724 385 1787 tum
424 1735 569 1787 inter
608 1748 735 1802 noS,
778 1730 873 1788 sed
904 1734 1063 1788 etiam
1090 1731 1236 1805 apud
1264 1737 1507 1806 exteros,
1547 1747 1747 1806 magna
1780 1748 1899 1786 cum
1931 1730 2090 1787 laude
2119 1733 2223 1785 iam
2250 1731 2372 1786 olim
2396 1746 2502 1786 nec
2530 1727 2619 1785 se-

275 1833 381 1885 mel
418 1830 788 1903 magistratum
838 1835 1095 1902 peregit,
1145 1834 1436 1883 virtutibus
1490 1833 1708 1883 excellit
1746 1833 2091 1884 humanitatis
2132 1837 2189 1884 et
2230 1830 2390 1884 fortis
2429 1808 2619 1899 animi:

279 1930 407 2003 quid
433 1930 609 2004 igitur
632 1925 826 2000 restat,
867 1928 1011 1998 quod
1048 1929 1106 1982 in
1131 1928 1237 1981 hoc
1277 1943 1423 1981 novo
1450 1924 1746 1982 vestrarum
1771 1942 1955 1981 rerum
1982 1927 2322 1983 moderatore
2350 1925 2619 1983 desidere-

277 2032 350 2083 tis
365 2028 396 2081 2
436 2024 561 2099 Ipse
588 2025 734 2081 suam
761 2024 1074 2081 sententiam
1102 2027 1347 2080 oratione
1376 2023 1622 2097 solemni,
1662 2041 1769 2096 qua
1806 2043 2004 2081 munus
2047 2025 2437 2099 auspicabitur,
2492 2042 2618 2082 cras

280 2133 334 2185 in
374 2129 498 2184 aula
553 2128 865 2182 academica
920 2127 1233 2181 declarabit.
1319 2127 1439 2180 Vos
1492 2130 1671 2180 autem
1727 2123 1904 2180 adeste
1958 2127 2086 2181 boni
2138 2128 2330 2182 ominIs
2371 2126 2620 2198 capiendi

281 2226 477 2286 cauffa.
516 2228 771 2301 Reliqua,
811 2243 953 2300 quae
982 2228 1051 2281 ad
1079 2227 1391 2281 academiae
1419 2228 1679 2281 honorem
1710 2224 2049 2300 vestramque
2080 2225 2300 2283 salutem
2327 2230 2620 2298 pertinent,

282 2327 496 2386 vestrae
523 2325 646 2384 fidei
679 2333 845 2399 atque
870 2327 1193 2399 prudentiae
1220 2324 1484 2381 commiil‘a
1509 2313 1620 2381 lint.
1661 2324 1957 2401 Nimirum,
2013 2332 2074 2383 ut
2105 2329 2247 2383 idem
2283 2328 2372 2383 ille
2418 2324 2619 2383 Cicero

283 2433 385 2504 ait,
437 2446 554 2484 non
608 2426 785 2503 [olum
816 2423 1316 2504 praescribendus
1374 2425 1449 2499 est
1491 2425 1845 2502 imperandi,
1896 2426 2002 2501 sed
2038 2403 2217 2483 etiam
2258 2423 2481 2482 civibus
2521 2424 2619 2482 ob-

285 2529 659 2606 temperandi
698 2528 933 2584 modus.-
991 2545 1127 2583 nam
1180 2534 1239 2582 et
1294 2528 1398 2603 qui
1447 2525 1591 2581 bene
1645 2527 1922 2602 imperat,
1970 2528 2254 2604 paruerit
2298 2525 2619 2603 aliquando

286 2628 505 2706 nec-effe
547 2629 641 2703 efi,
687 2635 745 2683 et
790 2629 893 2706 qui
932 2626 1173 2701 modeste
1204 2634 1409 2702 paret,
1452 2626 1687 2682 videtur
1729 2630 1828 2702 qui
1871 2625 2191 2699 aliquando
2249 2627 2491 2703 imperet
2532 2625 2620 2682 dc·-

285 2747 444 2807 gmcs
487 2730 619 2807 effe.
711 2731 777 2786 P.
805 2731 873 2785 P.
915 2732 972 2785 in
1003 2723 1358 2785 'univerfitate
1398 2729 1695 2784 litterarum
1750 2727 1951 2784 ienenfi
2005 2729 2092 2784 die
2148 2729 2232 2783 IV
2279 2743 2344 2782 m.
2383 2724 2621 2802 Augusti

288 2847 433 2890 anno
472 2828 1023 2890 MDCCCXLVIII.
