2865 3560
1203 131 1273 145 ...
1409 103 1445 156 Β
1579 131 1647 143 .-

263 251 537 304 criticorum,
586 243 824 304 Gronowii,
871 244 1136 302 Burmanni,
1185 244 1263 304 qui
1308 242 1580 305 scripserunt
1624 256 1826 290 oramus
1861 242 2117 309 tibi’sorte
2148 247 2199 292 ni
2232 246 2481 315 molestum
2516 248 2599 313 φ,

263 341 564 400 respiciamus.
612 337 665 381 In
713 337 920 383 eumdem
967 334 1153 382 modum
1199 333 1372 394 rcripfit
1406 333 1629 381 Martialis
1668 334 1713 392 1,
1756 334 1837 382 97.
1860 333 1913 399 fi
1945 347 2041 382 non
2075 336 2326 402 molestum
2360 328 2601 404 viteque

264 444 360 474 non
392 429 556 492 piget.

402 519 481 564 Vs.
518 518 565 563 2.
589 516 831 564 tenebrae.
856 514 998 572 Quod
1023 513 1231 577 Scaliger
1254 516 1441 578 recepit,
1465 514 1718 573 tabernae,
1743 530 1833 561 non
1877 529 1933 559 ex
1964 515 2070 576 ipfis
2103 515 2297 576 antiquis
2321 500 2448 562 libris
2481 517 2599 563 sum-

268 618 400 669 ptum
445 609 520 664 est,
578 606 657 651 sed
708 605 877 666 legitur
918 605 964 649 iu
1010 604 1207 652 duorum
1245 606 1451 651 codicum
1487 606 1675 652 Caeciae
1712 613 1758 652 et
1808 605 2018 651 Dorvillii
2063 606 2281 668 margine.
2335 605 2598 661 Latebrae‚

268 699 393 758 quod
426 698 615 743 Mureto
651 696 841 756 placuit,
868 697 1148 757 grammatici
1172 696 1369 757 imperiti
1395 696 1730 742 substituerunt.
1790 695 1885 740 Cic.
1921 697 2089 758 Agrar.
2129 697 2174 753 l,
2202 697 2250 752 3,
2288 698 2335 742 7.
2373 698 2451 742 hic
2478 710 2601 757 per-

266 789 409 834 mittit
429 788 534 849 sua
584 787 698 848 lege
749 786 1065 842 decemviris,
1100 792 1154 832 ut
1188 788 1236 832 in
1270 785 1442 847 quibus
1476 787 1782 832 commodum
1820 786 1887 850 eft
1909 785 2134 843 tenebris,
2170 792 2222 832 ut
2250 787 2298 832 in
2333 802 2432 848 qua
2455 785 2602 832 velint

251 877 523 939 Jblitudine
548 876 678 923 bona
696 877 878 940 populi
906 877 1100 923 romani
1128 876 1315 941 poffint
1348 876 1626 923 divendere.
1661 876 1864 922 Martial.
1901 875 1949 934 2,
1990 876 2078 932 14,
2114 877 2191 922 11.
2227 891 2314 922 nec
2342 876 2603 923 Fortunati

254 968 453 1031 spernit
486 983 574 1014 nec
615 967 795 1013 balnea
831 966 1012 1031 Fausti,
1054 981 1141 1012 nec
1170 966 1338 1028 Grylli
1378 966 1621 1013 tenebras.

404 1059 481 1103 Vs.
519 1058 565 1102 3.
603 1058 832 1104 Plurimae
867 1041 1082 1103 editiones
1115 1056 1288 1103 habeut
1323 1064 1369 1104 te
1405 1057 1725 1123 quaesivimus
1758 1058 1804 1102 in
1845 1057 2033 1102 minore
2080 1071 2258 1119 campo
2307 1073 2332 1101 e
2377 1056 2604 1101 codicibus

265 1148 561 1209 interpolatis.
598 1147 887 1206 Antiquiores
921 1147 1144 1207 praebent
1179 1153 1225 1192 te
1251 1162 1429 1209 campo
1472 1147 1795 1212 quaesivimus
1821 1147 2008 1192 minore
2045 1147 2118 1190 vel
2152 1147 2201 1191 in
2226 1147 2427 1192 minore.
2463 1147 2604 1191 Prae-

266 1239 533 1296 poiitionem
557 1236 702 1280 omitti
739 1234 868 1296 poll'e
891 1250 1023 1281 nemo
1059 1236 1302 1282 dubitabit.
1338 1237 1439 1282 Liv.
1474 1238 1559 1294 21,
1595 1237 1643 1294 8,
1668 1238 1714 1282 7.
1731 1237 1925 1298 patenti
1950 1251 2126 1297 campo
2147 1253 2162 1281 .·
2198 1236 2276 1280 ubi
2303 1237 2405 1281 cod.
2441 1236 2602 1281 Lovel.

268 1329 313 1370 in
347 1326 555 1387 patenti.
580 1324 738 1369 Minor
773 1330 976 1386 campus*
993 1326 1073 1384 qui
1106 1326 1386 1386 intelligatur
1424 1326 1690 1387 ambiguum
1723 1325 1866 1375 videri
1899 1326 2062 1386 potest.
2096 1325 2289 1369 Plurimi
2321 1326 2603 1385 interpretes,

266 1417 518 1461 Nardinum
569 1415 746 1474 sequuti
760 1449 772 1472 ,
824 1416 1045 1460 minorem
1094 1430 1305 1475 campum
1351 1431 1454 1462 eum
1488 1413 1618 1461 fuiire
1652 1414 2000 1472 arbitrabantur,
2035 1415 2115 1475 qui
2150 1415 2238 1460 alio
2269 1414 2447 1460 nomine
2482 1414 2605 1475 apud

268 1506 466 1548 Plinium
515 1504 616 1548 hin.
669 1512 759 1549 nat.
809 1504 891 1560 34,
943 1504 988 1560 6,
1042 1505 1100 1549 11
1156 1520 1361 1565 campus
1397 1487 1644 1562 tiberinus,
1694 1505 1820 1564 apud
1855 1504 2056 1549 Gellium
2090 1504 2138 1560 6,
2176 1504 2205 1548 7
2243 1503 2475 1549 tiberinus
2495 1503 2608 1568 five

270 1595 480 1638 martius
509 1600 745 1637 vocaretur
780 1600 826 1637 et
861 1609 887 1636 a
910 1592 1136 1638 Strabone
1169 1593 1215 1650 5,
1252 1594 1300 1650 3,
1319 1594 1367 1638 6.
1392 1594 1540 1638 verbis
1565 1592 1683 1639 ἄλλο
1712 1595 1858 1639 πεδίον
1886 1593 2225 1654 fignificaretur.
2261 1592 2365 1638 Non
2389 1592 2606 1639 abhorret

270 1701 297 1727 a
334 1685 523 1728 veritate
560 1684 703 1742 (quae
739 1683 799 1727 est
834 1683 1255 1728 sententiaPrelleri
1289 1684 1334 1727 in
1357 1684 1557 1743 Region.
1579 1684 1703 1727 urbis
1738 1697 1852 1726 rom.
1890 1698 1940 1742 p.
1980 1681 2117 1741 159.)
2152 1683 2266 1727 illud
2313 1682 2430 1728 ἄλλο
2459 1684 2604 1729 πεδίον

269 1773 401 1819 fuiffe
455 1788 554 1817 eam
601 1773 751 1833 campi
796 1780 990 1833 partem,
1027 1789 1158 1832 quae,
1207 1774 1399 1833 propius
1445 1773 1504 1816 ad
1549 1772 1756 1816 Tiberim
1801 1772 1896 1828 fita,
1931 1787 2018 1832 per
2052 1771 2255 1817 aedificia
2288 1772 2549 1833 interpofita
2582 1788 2607 1815 a

270 1878 434 1924 campo
470 1863 633 1906 martio
668 1862 1003 1923 seiungeretur:
1038 1864 1213 1908 nullum
1240 1870 1391 1908 tamen
1422 1862 1741 1906 documentum
1776 1861 1929 1917 exstat,
1966 1877 2060 1925 quo
2095 1862 2459 1919 demonstremus,
2492 1862 2608 1907 hanc

270 1960 449 2012 partem
485 1951 691 1997 minoris
726 1952 906 1996 nomine
940 1950 1030 1995 ess'e
1066 1952 1364 2011 appellatam.
1401 1952 1463 1995 At
1498 1958 1671 1994 certum
1708 1950 1912 1995 Catullus
1946 1951 2125 1995 cursum
2171 1953 2314 1995 tenuit
2346 1968 2432 2010 per
2465 1960 2608 1997 totam

271 2042 369 2086 sere
404 2040 591 2086 urbem:
628 2039 797 2099 incepit
832 2053 859 2084 a
894 2037 1211 2095 Coelimontio,
1253 2054 1370 2098 quae
1406 2045 1501 2084 erat
1536 2039 1665 2102 regio
1699 2039 1907 2095 secunda,
1945 2040 2159 2099 proceffit
2205 2041 2262 2082 ad
2310 2041 2476 2084 circum
2511 2057 2608 2085 ma-

270 2134 455 2187 ximum,
491 2129 596 2176 iude
631 2130 691 2173 ad
727 2129 1007 2190 capitolium,
1045 2136 1141 2175 tum
1180 2129 1227 2174 se
1262 2130 1483 2175 convertit
1517 2129 1577 2174 ad
1612 2143 1773 2174 nonam
1808 2129 2055 2192 regionem,
2092 2130 2137 2173 in
2172 2145 2263 2189 qua
2287 2136 2383 2174 erat
2408 2131 2607 2191 porticus

270 2221 510 2281 Pompeii:
546 2220 750 2279 alioquin
781 2221 816 2265 fi
852 2220 1062 2265 martium
1097 2235 1309 2281 campum
1344 2220 1662 2280 intelligimus,
1700 2218 1870 2263 necess'e
1905 2219 1967 2264 est
2001 2219 2255 2275 statuamus,
2294 2235 2396 2265 eum
2432 2236 2457 2264 e
2492 2236 2608 2267 nona

272 2312 461 2372 regione
496 2309 647 2354 exiisse
686 2318 731 2354 et
766 2309 914 2355 rursus
954 2310 1012 2354 ad
1047 2325 1146 2354 eam
1180 2309 1383 2355 rediiss'e:
1420 2310 1546 2368 quod
1582 2325 1743 2369 parum
1779 2310 2022 2371 probabile
2056 2310 2248 2355 videtur.
2284 2311 2469 2368 Duplex
2492 2312 2607 2355 enim

270 2403 316 2444 in
352 2401 422 2444 his
456 2400 570 2444 locis
605 2400 883 2444 nominandis
918 2400 1287 2445 considerandum
1322 2401 1400 2456 est,
1437 2400 1724 2459 propinquus
1759 2401 1963 2445 locorum
1997 2400 2100 2445 [itus
2136 2408 2181 2444 et
2217 2415 2372 2444 eorum
2394 2400 2607 2458 frequen-

270 2491 399 2535 tatio.
441 2488 624 2534 Scilicet
661 2503 748 2533 non
784 2489 870 2533 alia
905 2490 1188 2534 nominantur
1223 2491 1351 2545 loca,
1402 2503 1540 2548 quam
1590 2489 1634 2532 in
1683 2490 1846 2547 quibus
1894 2491 2074 2535 iuvenes
2121 2489 2427 2533 delectationis
2463 2489 2608 2535 causs'a

273 2581 543 2626 commorari
579 2580 798 2626 solebant.
837 2581 950 2624 Erat
985 2587 1135 2625 autem
1167 2580 1215 2624 in
1251 2586 1404 2624 monte
1440 2577 1600 2624 Coelio
1635 2594 1819 2644 campus
1855 2582 2081 2637 martialis,
2119 2581 2177 2624 de
2201 2595 2293 2640 quo
2317 2581 2484 2625 Paulus
2500 2581 2607 2644 Dia-

273 2688 409 2718 conus
446 2687 502 2716 ex
539 2671 660 2716 Festi
695 2671 821 2716 libris
856 2670 1226 2732 p.96.1.iu‹1em.
1263 2670 1523 2716 Martialis
1539 2685 1744 2732 campus
1779 2670 1825 2715 in
1854 2670 2018 2717 Coelio
2054 2678 2214 2717 monte
2249 2671 2441 2729 dicitur,
2477 2674 2610 2733 quod

271 2766 319 2806 in
356 2777 411 2807 eo
451 2762 641 2822 equiria
663 2759 895 2822 solebant
914 2761 1059 2824 fieri,
1081 2761 1135 2825 fi
1173 2762 1372 2822 quando
1409 2774 1571 2821 aquae
1618 2759 1806 2806 Tiberis
1842 2776 2070 2823 campum
2105 2762 2335 2807 martium
2374 2764 2608 2824 occupas—

259 2854 390 2913 sent.
418 2853 545 2898 Haec
566 2852 706 2896 verba
741 2852 799 2896 ad
836 2852 1100 2912 opinionem
1123 2851 1393 2911 perducunt,
1430 2850 1558 2895 illum
1593 2865 1802 2910 campum
1826 2852 2007 2897 minoris
2044 2854 2222 2898 nomine
2245 2850 2374 2898 fuiss‘e
2398 2853 2608 2913 appella-
