2865 3560
1163 156 1225 167 ...
1373 130 1437 179 13
1574 156 1633 165 -.

377 272 454 317 Vs.
489 272 555 316 16.
592 269 789 316 vitiosae
821 270 1068 327 scripturae
1101 268 1196 313 hoc
1233 267 1489 323 committe,
1526 267 1699 313 comite
1732 267 1881 313 crede
1922 267 2063 324 lucet,
2103 266 2360 315 criticorum
2394 270 2572 330 ingenia

244 369 552 421 exercuerunt,
587 361 666 408 l'ed
700 359 876 407 frustra.
911 358 1022 407 Hoc
1057 358 1327 406 addiderunt
1352 357 1633 422 gloss'atores,
1670 359 1797 406 lucet
1816 359 1934 406 male
1958 366 2055 405 erat
2076 358 2292 422 scriptum
2313 375 2403 422 pro
2435 360 2573 407 lucei.

242 453 320 500 Sic
354 455 488 504 etiam
522 466 676 500 omnes
708 452 814 497 libri
848 465 937 511 pro
970 464 1085 496 mem
1118 449 1292 496 habent
1323 465 1464 496 mc.
1499 450 1650 496 Miror
1683 456 1832 496 autem
1861 449 2048 495 Petreio
2073 457 2117 495 et
2151 450 2334 496 Heinfio
2369 462 2415 495 et
2455 450 2573 495 San-

241 544 363 592 tenio
395 544 441 589 in
476 550 669 589 mentem
702 539 867 587 veniss'e
899 542 1119 587 coniicere
1146 539 1390 602 papillae,
1426 540 1553 599 quod
1586 555 1689 586 cum
1724 540 1963 586 lacteolae
1996 540 2361 602 coniungendam
2398 542 2574 602 ingrata

244 632 436 680 offendit
468 632 632 694 specie.
668 631 869 677 Martial.
907 631 953 686 3,
993 629 1074 688 55,
1098 628 1181 675 22.
1218 629 1422 692 cingunt
1433 629 1663 692 serenum
1691 630 1837 695 lactei
1839 629 2021 692 jocum
2051 645 2233 678 vernae
2257 632 2286 676 i.
2317 647 2356 676 e.
2382 630 2573 683 candidi,

242 723 441 784 pulchri.

379 835 457 881 Vs.
492 834 559 880 21.
594 834 784 891 Vossius,
819 834 897 893 qui
934 833 1027 895 legi
1061 832 1179 879 iusflt
1225 833 1303 879 vel
1322 832 1489 897 fignis
1524 834 1634 879 licet
1672 832 1866 895 obseres
1895 834 2143 896 palatum,
2179 849 2267 880 non
2304 840 2571 894 perceperat

245 926 514 988 elegantiam
549 924 767 981 dictionis,
802 938 921 983 quae
953 924 1067 968 haec
1101 924 1191 969 est:
1227 938 1401 969 amores
1435 915 1666 969 occultans
1696 925 1890 986 negligis
1923 924 1984 980 id,
2021 923 2145 984 quod
2175 924 2219 967 in
2247 938 2400 968 amore
2436 926 2574 967 maxi-

243 1031 434 1077 mopere
465 1015 613 1061 iuvat:
642 1015 674 1060 fi
697 1022 845 1060 tamen
865 1015 993 1074 loqui
1014 1028 1104 1059 non
1128 1015 1206 1070 vis,
1242 1021 1363 1060 certe
1397 1030 1470 1060 me
1495 1014 1766 1075 participem
1800 1015 1872 1059 sac
1897 1015 2185 1060 tenebrarum
2220 1024 2412 1069 tuarum,
2450 1016 2573 1058 Scri-

242 1114 383 1166 ptura
417 1105 717 1165 quorumdam
751 1104 972 1150 librorum
1018 1105 1132 1151 dum
1167 1104 1317 1168 nostri
1353 1104 1430 1169 fis
1460 1105 1721 1167 particeps
1770 1106 1955 1151 amoris
2003 1106 2192 1152 alienam
2231 1105 2441 1151 admiscet
2479 1107 2573 1149 sen-

231 1197 440 1242 {entiam.

380 1318 456 1363 Vs.
494 1318 576 1363 23.
612 1318 710 1363 Hos
744 1318 901 1363 decem
936 1319 1100 1371 versus,
1136 1321 1215 1378 qui
1250 1319 1352 1380 post
1386 1334 1565 1365 carmen
1599 1320 1656 1365 ad
1694 1318 1898 1366 Coelium
1935 1321 2151 1381 scriptum
2177 1321 2221 1362 in
2249 1319 2475 1363 codicibus
2515 1320 2573 1360 le-

244 1417 429 1470 guntur,
477 1424 566 1453 non
612 1424 697 1469 per
741 1408 787 1453 se
832 1408 944 1453 stare
979 1409 1121 1470 poss'e,
1157 1411 1237 1455 sed
1281 1426 1308 1455 e
1353 1412 1561 1466 cannino,
1611 1412 1670 1456 de
1705 1427 1799 1470 quo
1833 1412 2023 1473 agimuS,
2058 1411 2262 1471 smnptos
2297 1408 2403 1455 ess'e.
2443 1424 2573 1451 nemo

244 1500 486 1546 dubitabit.
522 1500 629 1556 Quo
665 1508 814 1544 autem
848 1500 951 1544 loco
986 1500 1240 1560 restituendi
1275 1502 1386 1559 ling<
1406 1503 1668 1563 ambigitur.
1708 1502 1894 1549 Plurimi
1916 1502 2111 1547 editores
2147 1516 2222 1546 eos
2245 1501 2303 1545 ad
2327 1511 2573 1544 extremum

245 1606 424 1636 carmen
468 1590 794 1650 apposuerunt,
841 1590 967 1650 quod
1013 1592 1263 1652 approbari
1310 1600 1559 1652 propterea
1592 1594 1765 1651 nequit,
1802 1593 1911 1652 quia
1944 1593 1987 1636 in
2023 1592 2220 1637 versibus
2255 1591 2307 1636 21
2342 1600 2390 1635 et
2426 1590 2492 1634 22
2531 1589 2576 1631 id

246 1679 502 1742 express‘um
535 1680 751 1736 videmus,
787 1695 880 1740 quo
915 1695 1006 1725 uno
1028 1681 1175 1740 ipsum
1201 1695 1380 1725 carmen
1402 1681 1520 1726 finiri
1543 1689 1740 1744 poterat.
1778 1682 1987 1728 Muretus
2022 1690 2067 1727 et
2089 1681 2257 1728 Statius
2283 1696 2360 1727 eos
2379 1680 2578 1725 colloca-

245 1777 405 1816 verunt
438 1770 540 1830 post
583 1771 760 1816 versum
802 1769 1133 1816 duodecimum.
1170 1770 1293 1816 Tum
1327 1786 1439 1816 vero
1470 1786 1559 1816 non
1594 1750 1832 1817 commode
1866 1772 2074 1831 procedit
2109 1772 2254 1818 oratio
2289 1771 2461 1816 verbis:
2483 1770 2579 1829 sed

246 1866 292 1904 te
326 1860 425 1904 iam
445 1859 598 1920 serre
645 1867 730 1903 etc.
779 1859 933 1914 Quare
968 1858 1081 1901 nihil
1115 1860 1262 1916 aptius
1296 1860 1641 1918 elegantiusque
1667 1860 1774 1903 fieri
1810 1859 1971 1918 potest.
2021 1875 2157 1918 quam
2203 1868 2254 1903 ut
2299 1859 2401 1904 istos
2426 1859 2576 1901 versus

244 1947 348 2008 post
382 1948 557 1994 versum
604 1947 827 1994 decimum
863 1955 909 1992 et
945 1948 1128 1992 tertium
1164 1946 1455 1995 restituamus.
1493 1947 1874 2008 Hendeeasyllabi
1919 1948 1964 1992 in
2012 1947 2288 1993 nominandis
2324 1948 2577 1993 cursoribus

245 2054 489 2100 numquam
536 2038 733 2100 fatigatis
780 2054 870 2084 non
916 2045 1175 2100 gravantur,
1220 2044 1417 2084 attamen
1461 2039 1541 2084 ubi
1589 2038 1738 2084 rursus
1773 2039 2004 2100 languoris
2041 2040 2094 2083 fit
2128 2039 2314 2096 mentio,
2350 2040 2467 2083 redit
2502 2040 2578 2082 illa

246 2130 460 2190 languida
493 2129 700 2174 versuum
733 2128 1048 2174 alternantium
1083 2128 1240 2173 forma.
1279 2126 1492 2172 Ceterum
1516 2129 1560 2171 in
1581 2128 1676 2191 hac,
1689 2129 1836 2174 soluta
1858 2130 2074 2179 oratione,
2110 2131 2154 2173 in
2186 2146 2277 2188 qua
2300 2140 2440 2190 poeta
2476 2145 2578 2172 ver-

247 2221 315 2264 bis
349 2234 445 2264 non
463 2219 516 2282 fi
536 2218 728 2281 fingar
770 2220 943 2279 incipit,
979 2227 1075 2263 tum
1111 2219 1200 2262 alio
1233 2218 1280 2261 se
1313 2225 1493 2261 vertens
1522 2219 1712 2263 verbum
1747 2220 1925 2276 omittit,
1974 2221 2169 2280 agnosco
2205 2221 2446 2265 confilium.
2485 2235 2577 2276 quo

248 2311 323 2353 ille
358 2309 658 2354 conditionem
692 2310 816 2353 suam
851 2309 1161 2369 designaverit.
1197 2307 1425 2353 Anhelare
1460 2324 1562 2352 eum
1598 2308 1816 2353 audimus.

386 2433 436 2477 ln
471 2416 619 2492 primo
668 2432 831 2477 horum
876 2412 1083 2477 versuum
1118 2432 1297 2476 codices·
1328 2432 1504 2475 servant
1550 2446 1700 2475 veram
1746 2433 2015 2491 scripturam
2068 2448 2160 2477 non
2211 2433 2367 2497 custos
2390 2432 2443 2494 st
2481 2448 2576 2492 ego

233 2522 451 2584 fingar.-
486 2524 531 2566 in
545 2523 679 2568 tertio
695 2524 753 2567 ab
789 2523 994 2567 omnibus
1029 2513 1221 2586 abestst.
1256 2521 1350 2566 Sed
1365 2537 1459 2584 ego
1486 2532 1606 2566 recte
1618 2522 1921 2582 interponitur
1948 2524 2111 2579 rursus,
2136 2532 2185 2568 ut
2220 2524 2398 2568 nomina
2419 2523 2575 2566 Ladae

250 2621 296 2658 et
310 2613 461 2657 Persei
485 2613 682 2658 habeant
708 2629 801 2672 quo
835 2612 1102 2659 referantur.
1138 2612 1336 2659 Durities
1359 2620 1523 2667 autem,
1559 2613 1737 2671 quaein
1766 2614 1916 2659 verbis
1933 2628 2029 2659 non
2054 2614 2205 2678 Rh‘fi
2231 2614 2402 2659 niveae
2425 2614 2580 2660 citae-

250 2718 341 2764 que
376 2702 526 2764 bigae
560 2703 767 2756 offendit,
805 2705 1002 2750 excusari
1039 2703 1200 2764 pollet,
1237 2704 1314 2764 nili
1347 2703 1453 2748 libri
1487 2704 1648 2762 optimi
1682 2703 2026 2765 suppeditarent
2059 2706 2201 2751 nivea
2223 2705 2416 2768 citaque
2441 2704 2578 2765 biga.

251 2794 329 2839 ubi
364 2794 663 2855 intelligamus
682 2795 843 2858 ferar
865 2810 920 2840 ex
944 2795 1321 2844 antecedentibus.
1357 2795 1451 2840 Pro
1474 2794 1660 2841 iunctos
1693 2796 1740 2840 in
1765 2796 1915 2842 multis
1940 2796 2168 2843 codicibus
2186 2797 2357 2859 legitur
2381 2798 2577 2841 vinctos.

1106 2898 1131 2907 n-
