<?xml version="1.0" encoding="UTF-8"?>
<!DOCTYPE html PUBLIC "-//W3C//DTD XHTML 1.0 Transitional//EN"
    "http://www.w3.org/TR/xhtml1/DTD/xhtml1-transitional.dtd">
<html xmlns="http://www.w3.org/1999/xhtml" xml:lang="en" lang="en">
 <head>
  <title>
</title>
<meta http-equiv="Content-Type" content="text/html;charset=utf-8" />
  <meta name='ocr-system' content='tesseract 3.04.00' />
  <meta name='ocr-capabilities' content='ocr_page ocr_carea ocr_par ocr_line ocrx_word'/>
</head>
<body>
  <div class='ocr_page' id='page_1' title='image "4769651_0012.png"; bbox 0 0 2865 3560; ppageno 0'>
   <div class='ocr_carea' id='block_1_1' title="bbox 1234 65 1671 116">
    <p class='ocr_par' dir='ltr' id='par_1_1' title="bbox 1234 65 1671 116">
     <span class='ocr_line' id='line_1_1' title="bbox 1234 65 1671 116; baseline 0.002 -18"><span class='ocrx_word' id='word_1_1' title='bbox 1234 85 1297 98; x_wconf 78' lang='grc'><strong>-</strong></span> <span class='ocrx_word' id='word_1_2' title='bbox 1438 65 1482 116; x_wconf 77' lang='grc' dir='ltr'>6ι</span> <span class='ocrx_word' id='word_1_3' title='bbox 1608 86 1671 99; x_wconf 73' lang='grc'>.-</span> 
     </span>
    </p>
   </div>
   <div class='ocr_carea' id='block_1_2' title="bbox 280 198 2627 1247">
    <p class='ocr_par' dir='ltr' id='par_1_2' title="bbox 280 198 2626 699">
     <span class='ocr_line' id='line_1_2' title="bbox 280 198 2626 259; baseline 0 -14"><span class='ocrx_word' id='word_1_4' title='bbox 280 201 552 249; x_wconf 78' lang='lat' dir='ltr'>clandestino</span> <span class='ocrx_word' id='word_1_5' title='bbox 601 199 799 259; x_wconf 85' lang='lat' dir='ltr'>quodam</span> <span class='ocrx_word' id='word_1_6' title='bbox 835 214 988 244; x_wconf 85' lang='lat' dir='ltr'>amore</span> <span class='ocrx_word' id='word_1_7' title='bbox 1023 199 1265 259; x_wconf 77' lang='lat' dir='ltr'>suspectus.</span> <span class='ocrx_word' id='word_1_8' title='bbox 1322 198 1442 243; x_wconf 87' lang='lat' dir='ltr'>Eum</span> <span class='ocrx_word' id='word_1_9' title='bbox 1487 198 1732 255; x_wconf 80' lang='lat' dir='ltr'>aliquando</span> <span class='ocrx_word' id='word_1_10' title='bbox 1778 198 2028 244; x_wconf 73' lang='lat' dir='ltr'>viiitaturus</span> <span class='ocrx_word' id='word_1_11' title='bbox 2075 198 2277 244; x_wconf 78' lang='lat' dir='ltr'><strong>Catullus</strong></span> <span class='ocrx_word' id='word_1_12' title='bbox 2313 216 2464 245; x_wconf 82' lang='lat' dir='ltr'>omnes</span> <span class='ocrx_word' id='word_1_13' title='bbox 2498 202 2626 246; x_wconf 79' lang='lat' dir='ltr'>urbis</span> 
     </span>
     <span class='ocr_line' id='line_1_3' title="bbox 280 287 2623 353; baseline -0.001 -17"><span class='ocrx_word' id='word_1_14' title='bbox 280 295 490 353; x_wconf 77' lang='lat' dir='ltr'>regiones</span> <span class='ocrx_word' id='word_1_15' title='bbox 524 289 764 349; x_wconf 82' lang='lat' dir='ltr'><strong>percurrit,</strong></span> <span class='ocrx_word' id='word_1_16' title='bbox 816 303 897 332; x_wconf 89' lang='lat' dir='ltr'>nec</span> <span class='ocrx_word' id='word_1_17' title='bbox 946 304 1137 348; x_wconf 89' lang='lat' dir='ltr'>usquam</span> <span class='ocrx_word' id='word_1_18' title='bbox 1170 287 1352 343; x_wconf 59' lang='lat' dir='ltr'>invenit,</span> <span class='ocrx_word' id='word_1_19' title='bbox 1388 287 1468 330; x_wconf 78' lang='lat' dir='ltr'>fed</span> <span class='ocrx_word' id='word_1_20' title='bbox 1504 287 1719 348; x_wconf 78' lang='lat' dir='ltr'>fatigatus</span> <span class='ocrx_word' id='word_1_21' title='bbox 1752 287 1843 332; x_wconf 90' lang='lat' dir='ltr'>hoc</span> <span class='ocrx_word' id='word_1_22' title='bbox 1865 288 2025 333; x_wconf 87' lang='lat' dir='ltr'>labore</span> <span class='ocrx_word' id='word_1_23' title='bbox 2047 302 2143 333; x_wconf 86' lang='lat' dir='ltr'>rem</span> <span class='ocrx_word' id='word_1_24' title='bbox 2170 294 2316 334; x_wconf 79' lang='lat' dir='ltr'>actam</span> <span class='ocrx_word' id='word_1_25' title='bbox 2340 290 2498 350; x_wconf 87' lang='lat' dir='ltr'>lepido</span> <span class='ocrx_word' id='word_1_26' title='bbox 2527 306 2623 335; x_wconf 87' lang='lat' dir='ltr'>car-</span> 
     </span>
     <span class='ocr_line' id='line_1_4' title="bbox 282 375 2623 437; baseline -0.001 -10"><span class='ocrx_word' id='word_1_27' title='bbox 282 383 402 427; x_wconf 87' lang='lat' dir='ltr'>mine</span> <span class='ocrx_word' id='word_1_28' title='bbox 437 380 633 424; x_wconf 85' lang='lat' dir='ltr'>narravit</span> <span class='ocrx_word' id='word_1_29' title='bbox 669 386 714 422; x_wconf 88' lang='lat' dir='ltr'>et</span> <span class='ocrx_word' id='word_1_30' title='bbox 753 378 944 422; x_wconf 85' lang='lat' dir='ltr'>amicum</span> <span class='ocrx_word' id='word_1_31' title='bbox 979 377 1190 437; x_wconf 87' lang='lat' dir='ltr'>precibus</span> <span class='ocrx_word' id='word_1_32' title='bbox 1225 376 1349 433; x_wconf 89' lang='lat' dir='ltr'>adiit,</span> <span class='ocrx_word' id='word_1_33' title='bbox 1385 383 1436 420; x_wconf 86' lang='lat' dir='ltr'>ut</span> <span class='ocrx_word' id='word_1_34' title='bbox 1468 375 1651 420; x_wconf 88' lang='lat' dir='ltr'>tandem</span> <span class='ocrx_word' id='word_1_35' title='bbox 1680 377 1894 437; x_wconf 83' lang='lat' dir='ltr'>aperiret,</span> <span class='ocrx_word' id='word_1_36' title='bbox 1931 391 2024 436; x_wconf 90' lang='lat' dir='ltr'>quo</span> <span class='ocrx_word' id='word_1_37' title='bbox 2057 376 2227 424; x_wconf 84' lang='lat' dir='ltr'>furtivo</span> <span class='ocrx_word' id='word_1_38' title='bbox 2263 392 2416 424; x_wconf 86' lang='lat' dir='ltr'>amore</span> <span class='ocrx_word' id='word_1_39' title='bbox 2452 378 2623 424; x_wconf 87' lang='lat' dir='ltr'>detine-</span> 
     </span>
     <span class='ocr_line' id='line_1_5' title="bbox 284 457 2623 528; baseline -0.001 -11"><span class='ocrx_word' id='word_1_40' title='bbox 284 482 435 519; x_wconf 85' lang='lat' dir='ltr'>retur:</span> <span class='ocrx_word' id='word_1_41' title='bbox 471 484 576 515; x_wconf 90' lang='lat' dir='ltr'>nam</span> <span class='ocrx_word' id='word_1_42' title='bbox 609 470 655 513; x_wconf 90' lang='lat' dir='ltr'>in</span> <span class='ocrx_word' id='word_1_43' title='bbox 689 482 841 513; x_wconf 87' lang='lat' dir='ltr'>amore</span> <span class='ocrx_word' id='word_1_44' title='bbox 874 464 1067 516; x_wconf 68' lang='lat' dir='ltr'>fruendo</span> <span class='ocrx_word' id='word_1_45' title='bbox 1101 463 1216 511; x_wconf 88' lang='lat' dir='ltr'><strong>nihil</strong></span> <span class='ocrx_word' id='word_1_46' title='bbox 1250 465 1398 528; x_wconf 82' lang='lat' dir='ltr'>magis</span> <span class='ocrx_word' id='word_1_47' title='bbox 1426 460 1580 511; x_wconf 77' lang='lat' dir='ltr'>obess&#39;e</span> <span class='ocrx_word' id='word_1_48' title='bbox 1614 460 1750 527; x_wconf 74' lang='lat' dir='ltr'>quam</span> <span class='ocrx_word' id='word_1_49' title='bbox 1779 457 2138 517; x_wconf 73' lang='lat' dir='ltr'>occultationem.</span> <span class='ocrx_word' id='word_1_50' title='bbox 2173 468 2316 524; x_wconf 86' lang='lat' dir='ltr'>Haec,</span> <span class='ocrx_word' id='word_1_51' title='bbox 2356 484 2473 528; x_wconf 83' lang='lat' dir='ltr'>quae</span> <span class='ocrx_word' id='word_1_52' title='bbox 2507 470 2623 514; x_wconf 86' lang='lat' dir='ltr'>levia</span> 
     </span>
     <span class='ocr_line' id='line_1_6' title="bbox 282 545 2623 622; baseline -0.002 -13"><span class='ocrx_word' id='word_1_53' title='bbox 282 565 401 618; x_wconf 79' lang='lat' dir='ltr'>sunt,</span> <span class='ocrx_word' id='word_1_54' title='bbox 438 559 783 622; x_wconf 83' lang='lat' dir='ltr'>elegantiffimus</span> <span class='ocrx_word' id='word_1_55' title='bbox 819 565 957 618; x_wconf 88' lang='lat' dir='ltr'>poeta</span> <span class='ocrx_word' id='word_1_56' title='bbox 982 556 1218 603; x_wconf 80' lang='lat' dir='ltr'>festivitate</span> <span class='ocrx_word' id='word_1_57' title='bbox 1252 557 1314 603; x_wconf 89' lang='lat' dir='ltr'>ita</span> <span class='ocrx_word' id='word_1_58' title='bbox 1350 545 1597 614; x_wconf 78' lang='lat' dir='ltr'>exornavit,</span> <span class='ocrx_word' id='word_1_59' title='bbox 1632 564 1684 603; x_wconf 88' lang='lat' dir='ltr'>ut</span> <span class='ocrx_word' id='word_1_60' title='bbox 1711 572 1793 603; x_wconf 85' lang='lat' dir='ltr'>nos</span> <span class='ocrx_word' id='word_1_61' title='bbox 1818 564 1961 604; x_wconf 85' lang='lat' dir='ltr'>artem</span> <span class='ocrx_word' id='word_1_62' title='bbox 1985 573 2075 603; x_wconf 91' lang='lat' dir='ltr'>non</span> <span class='ocrx_word' id='word_1_63' title='bbox 2103 558 2416 614; x_wconf 68' lang='lat' dir='ltr'>desideremus,</span> <span class='ocrx_word' id='word_1_64' title='bbox 2454 559 2623 605; x_wconf 81' lang='lat' dir='ltr'>facetiis</span> 
     </span>
     <span class='ocr_line' id='line_1_7' title="bbox 289 649 863 699; baseline -0.007 0"><span class='ocrx_word' id='word_1_65' title='bbox 289 652 534 699; x_wconf 79' lang='lat' dir='ltr'>admodum</span> <span class='ocrx_word' id='word_1_66' title='bbox 568 649 863 695; x_wconf 81' lang='lat' dir='ltr'>delectemur.</span> 
     </span>
    </p>

    <p class='ocr_par' dir='ltr' id='par_1_3' title="bbox 289 737 2627 1247">
     <span class='ocr_line' id='line_1_8' title="bbox 420 737 2624 822; baseline -0.002 -36"><span class='ocrx_word' id='word_1_67' title='bbox 420 742 583 799; x_wconf 87' lang='lat' dir='ltr'>Neque</span> <span class='ocrx_word' id='word_1_68' title='bbox 611 754 721 783; x_wconf 88' lang='lat' dir='ltr'>vero</span> <span class='ocrx_word' id='word_1_69' title='bbox 746 737 950 783; x_wconf 83' lang='lat' dir='ltr'>Catullus</span> <span class='ocrx_word' id='word_1_70' title='bbox 974 746 1145 782; x_wconf 84' lang='lat' dir='ltr'>tantum</span> <span class='ocrx_word' id='word_1_71' title='bbox 1172 738 1320 782; x_wconf 87' lang='lat' dir='ltr'>verbis</span> <span class='ocrx_word' id='word_1_72' title='bbox 1353 738 1485 781; x_wconf 88' lang='lat' dir='ltr'>animi</span> <span class='ocrx_word' id='word_1_73' title='bbox 1507 737 1573 782; x_wconf 83' lang='lat' dir='ltr'>sui</span> <span class='ocrx_word' id='word_1_74' title='bbox 1597 737 1857 822; x_wconf 55' lang='lat' dir='ltr'>sententiam</span> <span class='ocrx_word' id='word_1_75' title='bbox 1884 738 2144 792; x_wconf 77' lang='lat' dir='ltr'>declaravit,</span> <span class='ocrx_word' id='word_1_76' title='bbox 2170 739 2247 782; x_wconf 83' lang='lat' dir='ltr'>sed</span> <span class='ocrx_word' id='word_1_77' title='bbox 2273 740 2407 782; x_wconf 86' lang='lat' dir='ltr'>etiam</span> <span class='ocrx_word' id='word_1_78' title='bbox 2432 748 2624 784; x_wconf 85' lang='lat' dir='ltr'>metrum</span> 
     </span>
     <span class='ocr_line' id='line_1_9' title="bbox 290 827 2626 893; baseline -0.002 -16"><span class='ocrx_word' id='word_1_79' title='bbox 290 835 601 893; x_wconf 86' lang='lat' dir='ltr'>phalaeceum,</span> <span class='ocrx_word' id='word_1_80' title='bbox 641 829 769 887; x_wconf 89' lang='lat' dir='ltr'>quod</span> <span class='ocrx_word' id='word_1_81' title='bbox 803 829 848 872; x_wconf 90' lang='lat' dir='ltr'>in</span> <span class='ocrx_word' id='word_1_82' title='bbox 869 828 1054 887; x_wconf 75' lang='lat' dir='ltr'>dactylo</span> <span class='ocrx_word' id='word_1_83' title='bbox 1075 843 1177 871; x_wconf 91' lang='lat' dir='ltr'>cum</span> <span class='ocrx_word' id='word_1_84' title='bbox 1204 827 1428 871; x_wconf 81' lang='lat' dir='ltr'>trochaeis</span> <span class='ocrx_word' id='word_1_85' title='bbox 1450 828 1686 872; x_wconf 87' lang='lat' dir='ltr'>coniuncto</span> <span class='ocrx_word' id='word_1_86' title='bbox 1702 842 1792 871; x_wconf 91' lang='lat' dir='ltr'>non</span> <span class='ocrx_word' id='word_1_87' title='bbox 1832 828 2027 872; x_wconf 87' lang='lat' dir='ltr'>admittit</span> <span class='ocrx_word' id='word_1_88' title='bbox 2054 829 2415 886; x_wconf 86' lang='lat' dir='ltr'>contractionem,</span> <span class='ocrx_word' id='word_1_89' title='bbox 2453 838 2626 874; x_wconf 87' lang='lat' dir='ltr'>mutare</span> 
     </span>
     <span class='ocr_line' id='line_1_10' title="bbox 289 896 2625 979; baseline -0.001 -12"><span class='ocrx_word' id='word_1_90' title='bbox 289 940 344 967; x_wconf 82' lang='lat' dir='ltr'>eo</span> <span class='ocrx_word' id='word_1_91' title='bbox 380 922 562 967; x_wconf 83' lang='lat' dir='ltr'>confilio</span> <span class='ocrx_word' id='word_1_92' title='bbox 613 920 742 963; x_wconf 82' lang='lat' dir='ltr'>ausus</span> <span class='ocrx_word' id='word_1_93' title='bbox 796 917 871 974; x_wconf 81' lang='lat' dir='ltr'>est,</span> <span class='ocrx_word' id='word_1_94' title='bbox 909 925 959 961; x_wconf 86' lang='lat' dir='ltr'>ut</span> <span class='ocrx_word' id='word_1_95' title='bbox 992 918 1302 978; x_wconf 84' lang='lat' dir='ltr'>fatigationem</span> <span class='ocrx_word' id='word_1_96' title='bbox 1338 931 1363 961; x_wconf 87' lang='lat' dir='ltr'>e</span> <span class='ocrx_word' id='word_1_97' title='bbox 1399 896 1539 977; x_wconf 82' lang='lat' dir='ltr'>longo</span> <span class='ocrx_word' id='word_1_98' title='bbox 1585 918 1717 961; x_wconf 78' lang='lat' dir='ltr'>cursu</span> <span class='ocrx_word' id='word_1_99' title='bbox 1765 923 2029 977; x_wconf 84' lang='lat' dir='ltr'>conceptam</span> <span class='ocrx_word' id='word_1_100' title='bbox 2062 918 2252 977; x_wconf 83' lang='lat' dir='ltr'>spondei</span> <span class='ocrx_word' id='word_1_101' title='bbox 2286 919 2510 979; x_wconf 84' lang='lat' dir='ltr'>gravitate</span> <span class='ocrx_word' id='word_1_102' title='bbox 2543 919 2625 964; x_wconf 89' lang='lat' dir='ltr'>de-</span> 
     </span>
     <span class='ocr_line' id='line_1_11' title="bbox 290 1004 2627 1075; baseline -0.002 -16"><span class='ocrx_word' id='word_1_103' title='bbox 290 1016 520 1075; x_wconf 86' lang='lat' dir='ltr'>pingeret.</span> <span class='ocrx_word' id='word_1_104' title='bbox 555 1010 701 1067; x_wconf 87' lang='lat' dir='ltr'>quue</span> <span class='ocrx_word' id='word_1_105' title='bbox 725 1009 814 1052; x_wconf 80' lang='lat' dir='ltr'>line</span> <span class='ocrx_word' id='word_1_106' title='bbox 837 1007 949 1052; x_wconf 79' lang='lat' dir='ltr'>iusto</span> <span class='ocrx_word' id='word_1_107' title='bbox 976 1007 1163 1053; x_wconf 89' lang='lat' dir='ltr'>modulo</span> <span class='ocrx_word' id='word_1_108' title='bbox 1177 1007 1346 1051; x_wconf 80' lang='lat' dir='ltr'>factum</span> <span class='ocrx_word' id='word_1_109' title='bbox 1360 1004 1450 1050; x_wconf 78' lang='lat' dir='ltr'>ess&#39;e</span> <span class='ocrx_word' id='word_1_110' title='bbox 1466 1006 1702 1066; x_wconf 85' lang='lat' dir='ltr'>opinantes</span> <span class='ocrx_word' id='word_1_111' title='bbox 1714 1006 1868 1064; x_wconf 89' lang='lat' dir='ltr'>critici,</span> <span class='ocrx_word' id='word_1_112' title='bbox 1886 1021 2173 1066; x_wconf 87' lang='lat' dir='ltr'>quocumque</span> <span class='ocrx_word' id='word_1_113' title='bbox 2194 1008 2300 1051; x_wconf 87' lang='lat' dir='ltr'>libri</span> <span class='ocrx_word' id='word_1_114' title='bbox 2325 1009 2496 1067; x_wconf 83' lang='lat' dir='ltr'>antiqui</span> <span class='ocrx_word' id='word_1_115' title='bbox 2510 1009 2627 1054; x_wconf 82' lang='lat' dir='ltr'>viam</span> 
     </span>
     <span class='ocr_line' id='line_1_12' title="bbox 291 1092 2626 1165; baseline -0.003 -15"><span class='ocrx_word' id='word_1_116' title='bbox 291 1107 577 1165; x_wconf 81' lang='lat' dir='ltr'>aperuerant,</span> <span class='ocrx_word' id='word_1_117' title='bbox 613 1098 671 1142; x_wconf 87' lang='lat' dir='ltr'>ad</span> <span class='ocrx_word' id='word_1_118' title='bbox 713 1092 1029 1158; x_wconf 62' lang='lat' dir='ltr'>corrigendam</span> <span class='ocrx_word' id='word_1_119' title='bbox 1063 1096 1332 1158; x_wconf 83' lang='lat' dir='ltr'>scripturam</span> <span class='ocrx_word' id='word_1_120' title='bbox 1367 1095 1596 1157; x_wconf 83' lang='lat' dir='ltr'>progreffi</span> <span class='ocrx_word' id='word_1_121' title='bbox 1630 1095 1747 1141; x_wconf 84' lang='lat' dir='ltr'>sunt.</span> <span class='ocrx_word' id='word_1_122' title='bbox 1783 1095 1889 1142; x_wconf 92' lang='lat' dir='ltr'>Non</span> <span class='ocrx_word' id='word_1_123' title='bbox 1923 1097 2040 1142; x_wconf 89' lang='lat' dir='ltr'>enim</span> <span class='ocrx_word' id='word_1_124' title='bbox 2076 1097 2407 1157; x_wconf 80' lang='lat' dir='ltr'>perspexerunt</span> <span class='ocrx_word' id='word_1_125' title='bbox 2441 1099 2626 1144; x_wconf 83' lang='lat' dir='ltr'>alternis</span> 
     </span>
     <span class='ocr_line' id='line_1_13' title="bbox 290 1186 2627 1247; baseline -0.003 -7"><span class='ocrx_word' id='word_1_126' title='bbox 290 1195 486 1239; x_wconf 77' lang='lat' dir='ltr'>verlibus</span> <span class='ocrx_word' id='word_1_127' title='bbox 498 1189 730 1235; x_wconf 84' lang='lat' dir='ltr'>disticham</span> <span class='ocrx_word' id='word_1_128' title='bbox 748 1186 837 1231; x_wconf 76' lang='lat' dir='ltr'>ess&#39;e</span> <span class='ocrx_word' id='word_1_129' title='bbox 850 1187 1059 1244; x_wconf 84' lang='lat' dir='ltr'>formam,</span> <span class='ocrx_word' id='word_1_130' title='bbox 1099 1202 1236 1247; x_wconf 91' lang='lat' dir='ltr'>quam</span> <span class='ocrx_word' id='word_1_131' title='bbox 1249 1187 1293 1246; x_wconf 71' lang='lat' dir='ltr'>„fi</span> <span class='ocrx_word' id='word_1_132' title='bbox 1315 1187 1582 1232; x_wconf 86' lang='lat' dir='ltr'>auctoritate</span> <span class='ocrx_word' id='word_1_133' title='bbox 1607 1187 1886 1247; x_wconf 85' lang='lat' dir='ltr'>optimorum</span> <span class='ocrx_word' id='word_1_134' title='bbox 1907 1186 2111 1233; x_wconf 88' lang='lat' dir='ltr'>codicum</span> <span class='ocrx_word' id='word_1_135' title='bbox 2134 1186 2464 1245; x_wconf 82' lang='lat' dir='ltr'>restituerimus,</span> <span class='ocrx_word' id='word_1_136' title='bbox 2493 1189 2627 1234; x_wconf 86' lang='lat' dir='ltr'>etiam</span> 
     </span>
    </p>
   </div>
   <div class='ocr_carea' id='block_1_3' title="bbox 293 1276 2628 1346">
    <p class='ocr_par' dir='ltr' id='par_1_4' title="bbox 293 1276 2628 1346">
     <span class='ocr_line' id='line_1_14' title="bbox 293 1276 2628 1346; baseline -0.002 -15"><span class='ocrx_word' id='word_1_137' title='bbox 293 1288 373 1346; x_wconf 70' lang='lat' dir='ltr'>ipsu</span> <span class='ocrx_word' id='word_1_138' title='bbox 388 1281 569 1329; x_wconf 88' lang='lat' dir='ltr'>carmini</span> <span class='ocrx_word' id='word_1_139' title='bbox 585 1279 839 1341; x_wconf 85' lang='lat' dir='ltr'>elegantiae</span> <span class='ocrx_word' id='word_1_140' title='bbox 852 1286 897 1324; x_wconf 87' lang='lat' dir='ltr'>et</span> <span class='ocrx_word' id='word_1_141' title='bbox 919 1279 1163 1325; x_wconf 82' lang='lat' dir='ltr'>festivitatis</span> <span class='ocrx_word' id='word_1_142' title='bbox 1186 1291 1351 1324; x_wconf 89' lang='lat' dir='ltr'>nomen</span> <span class='ocrx_word' id='word_1_143' title='bbox 1373 1276 1711 1324; x_wconf 77' lang='lat' dir='ltr'>vindicabimus.</span> <span class='ocrx_word' id='word_1_144' title='bbox 1746 1277 1824 1324; x_wconf 71' lang='lat' dir='ltr'>1¹}st</span> <span class='ocrx_word' id='word_1_145' title='bbox 1846 1278 1986 1341; x_wconf 83' lang='lat' dir='ltr'>igitur</span> <span class='ocrx_word' id='word_1_146' title='bbox 2009 1285 2200 1324; x_wconf 88' lang='lat' dir='ltr'>metrum</span> <span class='ocrx_word' id='word_1_147' title='bbox 2223 1279 2282 1323; x_wconf 87' lang='lat' dir='ltr'>ita</span> <span class='ocrx_word' id='word_1_148' title='bbox 2308 1280 2628 1338; x_wconf 68' lang='lat' dir='ltr'>compotitumz</span> 
     </span>
    </p>
   </div>
   <div class='ocr_carea' id='block_1_4' title="bbox 295 1444 2633 2284">
    <p class='ocr_par' dir='ltr' id='par_1_5' title="bbox 295 1444 2633 2192">
     <span class='ocr_line' id='line_1_15' title="bbox 1013 1444 1825 1466; baseline 0.011 -13"><span class='ocrx_word' id='word_1_149' title='bbox 1013 1444 1825 1466; x_wconf 43' lang='grc'>----------</span> 
     </span>
     <span class='ocr_line' id='line_1_16' title="bbox 298 1477 2628 1566; baseline -0.003 -9"><span class='ocrx_word' id='word_1_150' title='bbox 298 1512 484 1558; x_wconf 79' lang='lat' dir='ltr'>Accedit</span> <span class='ocrx_word' id='word_1_151' title='bbox 520 1508 643 1553; x_wconf 88' lang='lat' dir='ltr'>aliud</span> <span class='ocrx_word' id='word_1_152' title='bbox 679 1507 782 1550; x_wconf 85' lang='lat' dir='ltr'>hoc.</span> <span class='ocrx_word' id='word_1_153' title='bbox 821 1505 872 1549; x_wconf 90' lang='lat' dir='ltr'>In</span> <span class='ocrx_word' id='word_1_154' title='bbox 907 1505 1117 1549; x_wconf 82' lang='lat' dir='ltr'>omnibus</span> <span class='ocrx_word' id='word_1_155' title='bbox 1151 1477 1341 1564; x_wconf 74' lang='lat' dir='ltr'>antiquis</span> <span class='ocrx_word' id='word_1_156' title='bbox 1377 1504 1520 1561; x_wconf 84' lang='lat' dir='ltr'>libris,</span> <span class='ocrx_word' id='word_1_157' title='bbox 1556 1518 1750 1564; x_wconf 90' lang='lat' dir='ltr'>quorum</span> <span class='ocrx_word' id='word_1_158' title='bbox 1785 1505 2029 1566; x_wconf 84' lang='lat' dir='ltr'>communis</span> <span class='ocrx_word' id='word_1_159' title='bbox 2065 1506 2196 1566; x_wconf 86' lang='lat' dir='ltr'>origo</span> <span class='ocrx_word' id='word_1_160' title='bbox 2231 1507 2275 1549; x_wconf 90' lang='lat' dir='ltr'>in</span> <span class='ocrx_word' id='word_1_161' title='bbox 2305 1522 2395 1550; x_wconf 92' lang='lat' dir='ltr'>uno</span> <span class='ocrx_word' id='word_1_162' title='bbox 2431 1505 2628 1565; x_wconf 88' lang='lat' dir='ltr'>quodam</span> 
     </span>
     <span class='ocr_line' id='line_1_17' title="bbox 296 1593 2629 1660; baseline -0.003 -14"><span class='ocrx_word' id='word_1_163' title='bbox 296 1601 509 1660; x_wconf 70' lang='lat' dir='ltr'>exemplo</span> <span class='ocrx_word' id='word_1_164' title='bbox 548 1612 770 1658; x_wconf 86' lang='lat' dir='ltr'>perquam</span> <span class='ocrx_word' id='word_1_165' title='bbox 795 1611 839 1639; x_wconf 92' lang='lat' dir='ltr'>m</span> <span class='ocrx_word' id='word_1_166' title='bbox 873 1595 1001 1639; x_wconf 88' lang='lat' dir='ltr'>tilato</span> <span class='ocrx_word' id='word_1_167' title='bbox 1038 1603 1082 1638; x_wconf 90' lang='lat' dir='ltr'>et</span> <span class='ocrx_word' id='word_1_168' title='bbox 1111 1602 1330 1654; x_wconf 83' lang='lat' dir='ltr'>corrupto</span> <span class='ocrx_word' id='word_1_169' title='bbox 1356 1593 1615 1652; x_wconf 83' lang='lat' dir='ltr'>quaerenda</span> <span class='ocrx_word' id='word_1_170' title='bbox 1633 1593 1710 1649; x_wconf 83' lang='lat' dir='ltr'>est,</span> <span class='ocrx_word' id='word_1_171' title='bbox 1733 1594 1835 1653; x_wconf 84' lang='lat' dir='ltr'>post</span> <span class='ocrx_word' id='word_1_172' title='bbox 1859 1608 2038 1638; x_wconf 84' lang='lat' dir='ltr'>carmen</span> <span class='ocrx_word' id='word_1_173' title='bbox 2060 1595 2120 1639; x_wconf 86' lang='lat' dir='ltr'>ad</span> <span class='ocrx_word' id='word_1_174' title='bbox 2143 1595 2349 1639; x_wconf 89' lang='lat' dir='ltr'>Coelium</span> <span class='ocrx_word' id='word_1_175' title='bbox 2377 1595 2434 1638; x_wconf 92' lang='lat' dir='ltr'>de</span> <span class='ocrx_word' id='word_1_176' title='bbox 2465 1595 2629 1640; x_wconf 87' lang='lat' dir='ltr'>Lesbia</span> 
     </span>
     <span class='ocr_line' id='line_1_18' title="bbox 295 1682 2629 1751; baseline -0.003 -14"><span class='ocrx_word' id='word_1_177' title='bbox 295 1694 514 1751; x_wconf 80' lang='lat' dir='ltr'>scriptum</span> <span class='ocrx_word' id='word_1_178' title='bbox 547 1690 762 1747; x_wconf 83' lang='lat' dir='ltr'>leguntur</span> <span class='ocrx_word' id='word_1_179' title='bbox 807 1685 837 1728; x_wconf 88' lang='lat' dir='ltr'>d</span> <span class='ocrx_word' id='word_1_180' title='bbox 918 1701 964 1728; x_wconf 89' lang='lat' dir='ltr'>m</span> <span class='ocrx_word' id='word_1_181' title='bbox 1009 1684 1175 1738; x_wconf 80' lang='lat' dir='ltr'>versuS‚</span> <span class='ocrx_word' id='word_1_182' title='bbox 1225 1685 1304 1743; x_wconf 89' lang='lat' dir='ltr'>qui</span> <span class='ocrx_word' id='word_1_183' title='bbox 1338 1684 1399 1741; x_wconf 28' lang='lat' dir='ltr'>in·</span> <span class='ocrx_word' id='word_1_184' title='bbox 1419 1682 1715 1751; x_wconf 81' lang='lat' dir='ltr'>memorandis</span> <span class='ocrx_word' id='word_1_185' title='bbox 1750 1683 2004 1728; x_wconf 81' lang='lat' dir='ltr'>cursoribus</span> <span class='ocrx_word' id='word_1_186' title='bbox 2036 1684 2279 1745; x_wconf 81' lang='lat' dir='ltr'>infignibus</span> <span class='ocrx_word' id='word_1_187' title='bbox 2315 1686 2372 1729; x_wconf 87' lang='lat' dir='ltr'>ad</span> <span class='ocrx_word' id='word_1_188' title='bbox 2407 1685 2629 1740; x_wconf 82' lang='lat' dir='ltr'>eumdem,</span> 
     </span>
     <span class='ocr_line' id='line_1_19' title="bbox 296 1771 2632 1842; baseline -0.004 -15"><span class='ocrx_word' id='word_1_189' title='bbox 296 1797 390 1842; x_wconf 87' lang='lat' dir='ltr'>quo</span> <span class='ocrx_word' id='word_1_190' title='bbox 407 1779 611 1825; x_wconf 84' lang='lat' dir='ltr'>Catullus</span> <span class='ocrx_word' id='word_1_191' title='bbox 634 1783 873 1834; x_wconf 87' lang='lat' dir='ltr'>tantopere</span> <span class='ocrx_word' id='word_1_192' title='bbox 904 1774 1118 1833; x_wconf 85' lang='lat' dir='ltr'>fatigatus</span> <span class='ocrx_word' id='word_1_193' title='bbox 1142 1780 1251 1828; x_wconf 89' lang='lat' dir='ltr'>erat,</span> <span class='ocrx_word' id='word_1_194' title='bbox 1288 1772 1465 1818; x_wconf 87' lang='lat' dir='ltr'>cursum</span> <span class='ocrx_word' id='word_1_195' title='bbox 1487 1772 1706 1831; x_wconf 84' lang='lat' dir='ltr'>spectant.</span> <span class='ocrx_word' id='word_1_196' title='bbox 1741 1771 1941 1816; x_wconf 87' lang='lat' dir='ltr'>Tantum</span> <span class='ocrx_word' id='word_1_197' title='bbox 1969 1787 2078 1816; x_wconf 84' lang='lat' dir='ltr'>vero</span> <span class='ocrx_word' id='word_1_198' title='bbox 2106 1772 2242 1829; x_wconf 82' lang='lat' dir='ltr'>abest,</span> <span class='ocrx_word' id='word_1_199' title='bbox 2280 1781 2327 1818; x_wconf 89' lang='lat' dir='ltr'>ut</span> <span class='ocrx_word' id='word_1_200' title='bbox 2355 1780 2538 1832; x_wconf 87' lang='lat' dir='ltr'>poetam</span> <span class='ocrx_word' id='word_1_201' title='bbox 2574 1774 2632 1817; x_wconf 87' lang='lat' dir='ltr'>de</span> 
     </span>
     <span class='ocr_line' id='line_1_20' title="bbox 297 1857 2632 1918; baseline -0.005 -2"><span class='ocrx_word' id='word_1_202' title='bbox 297 1887 387 1918; x_wconf 84' lang='lat' dir='ltr'>una</span> <span class='ocrx_word' id='word_1_203' title='bbox 418 1868 506 1913; x_wconf 87' lang='lat' dir='ltr'>hac</span> <span class='ocrx_word' id='word_1_204' title='bbox 550 1881 600 1910; x_wconf 83' lang='lat' dir='ltr'>re</span> <span class='ocrx_word' id='word_1_205' title='bbox 624 1863 739 1909; x_wconf 76' lang='lat' dir='ltr'>&#39;du‘o</span> <span class='ocrx_word' id='word_1_206' title='bbox 766 1861 969 1907; x_wconf 78' lang='lat' dir='ltr'>carmina</span> <span class='ocrx_word' id='word_1_207' title='bbox 1002 1857 1153 1905; x_wconf 74' lang='lat' dir='ltr'>feciss&#39;e</span> <span class='ocrx_word' id='word_1_208' title='bbox 1187 1868 1232 1905; x_wconf 84' lang='lat' dir='ltr'>et</span> <span class='ocrx_word' id='word_1_209' title='bbox 1267 1861 1326 1905; x_wconf 87' lang='lat' dir='ltr'>ad</span> <span class='ocrx_word' id='word_1_210' title='bbox 1362 1859 1619 1905; x_wconf 87' lang='lat' dir='ltr'>Camerium</span> <span class='ocrx_word' id='word_1_211' title='bbox 1652 1857 1809 1904; x_wconf 78' lang='lat' dir='ltr'>mifiss&#39;e</span> <span class='ocrx_word' id='word_1_212' title='bbox 1843 1858 2150 1915; x_wconf 84' lang='lat' dir='ltr'>existimemus,</span> <span class='ocrx_word' id='word_1_213' title='bbox 2187 1870 2238 1905; x_wconf 84' lang='lat' dir='ltr'>ut</span> <span class='ocrx_word' id='word_1_214' title='bbox 2271 1863 2355 1905; x_wconf 87' lang='lat' dir='ltr'>hos</span> <span class='ocrx_word' id='word_1_215' title='bbox 2390 1864 2539 1906; x_wconf 79' lang='lat' dir='ltr'>versus</span> <span class='ocrx_word' id='word_1_216' title='bbox 2573 1864 2632 1904; x_wconf 86' lang='lat' dir='ltr'>ad</span> 
     </span>
     <span class='ocr_line' id='line_1_21' title="bbox 296 1947 2631 2021; baseline -0.004 -17"><span class='ocrx_word' id='word_1_217' title='bbox 296 1962 444 2021; x_wconf 78' lang='lat' dir='ltr'>ipsum</span> <span class='ocrx_word' id='word_1_218' title='bbox 478 1957 569 2000; x_wconf 83' lang='lat' dir='ltr'>hoc</span> <span class='ocrx_word' id='word_1_219' title='bbox 592 1968 786 2005; x_wconf 84' lang='lat' dir='ltr'>carmen,</span> <span class='ocrx_word' id='word_1_220' title='bbox 823 1949 881 1994; x_wconf 91' lang='lat' dir='ltr'>de</span> <span class='ocrx_word' id='word_1_221' title='bbox 903 1961 996 2007; x_wconf 81' lang='lat' dir='ltr'>quo</span> <span class='ocrx_word' id='word_1_222' title='bbox 1020 1947 1266 2006; x_wconf 87' lang='lat' dir='ltr'>loquimur,</span> <span class='ocrx_word' id='word_1_223' title='bbox 1298 1947 1820 2006; x_wconf 65' lang='lat' dir='ltr'>pertinere‘censeamus.</span> <span class='ocrx_word' id='word_1_224' title='bbox 1851 1949 2005 2005; x_wconf 86' lang='lat' dir='ltr'>Atque</span> <span class='ocrx_word' id='word_1_225' title='bbox 2032 1950 2211 2004; x_wconf 61' lang='lat' dir='ltr'>causs&#39;a„</span> <span class='ocrx_word' id='word_1_226' title='bbox 2230 1960 2515 2011; x_wconf 87' lang='lat' dir='ltr'>quapropter</span> <span class='ocrx_word' id='word_1_227' title='bbox 2541 1952 2631 1995; x_wconf 87' lang='lat' dir='ltr'>C&#39;a—</span> 
     </span>
     <span class='ocr_line' id='line_1_22' title="bbox 298 2029 2633 2112; baseline -0.005 -16"><span class='ocrx_word' id='word_1_228' title='bbox 298 2049 436 2097; x_wconf 81' lang='lat' dir='ltr'>tullus</span> <span class='ocrx_word' id='word_1_229' title='bbox 481 2045 527 2090; x_wconf 89' lang='lat' dir='ltr'>in</span> <span class='ocrx_word' id='word_1_230' title='bbox 571 2041 641 2088; x_wconf 87' lang='lat' dir='ltr'>his</span> <span class='ocrx_word' id='word_1_231' title='bbox 692 2039 888 2087; x_wconf 83' lang='lat' dir='ltr'>verfibus</span> <span class='ocrx_word' id='word_1_232' title='bbox 934 2038 1159 2099; x_wconf 84' lang='lat' dir='ltr'>integram</span> <span class='ocrx_word' id='word_1_233' title='bbox 1204 2034 1570 2096; x_wconf 78' lang='lat' dir='ltr'>hendecasyllabi</span> <span class='ocrx_word' id='word_1_234' title='bbox 1615 2034 1806 2101; x_wconf 83' lang='lat' dir='ltr'>formam</span> <span class='ocrx_word' id='word_1_235' title='bbox 1836 2029 2129 2112; x_wconf 41' lang='lat' dir='ltr'>*hibuerin</span> <span class='ocrx_word' id='word_1_236' title='bbox 2180 2042 2224 2084; x_wconf 88' lang='lat' dir='ltr'>in</span> <span class='ocrx_word' id='word_1_237' title='bbox 2273 2041 2370 2099; x_wconf 83' lang='lat' dir='ltr'>ipsa</span> <span class='ocrx_word' id='word_1_238' title='bbox 2419 2042 2633 2086; x_wconf 80' lang='lat' dir='ltr'>sententia</span> 
     </span>
     <span class='ocr_line' id='line_1_23' title="bbox 301 2126 2495 2192; baseline -0.005 -6"><span class='ocrx_word' id='word_1_239' title='bbox 301 2138 510 2192; x_wconf 80' lang='lat' dir='ltr'>cernitur,</span> <span class='ocrx_word' id='word_1_240' title='bbox 544 2134 591 2179; x_wconf 88' lang='lat' dir='ltr'>in</span> <span class='ocrx_word' id='word_1_241' title='bbox 625 2147 716 2191; x_wconf 85' lang='lat' dir='ltr'>qua</span> <span class='ocrx_word' id='word_1_242' title='bbox 752 2145 843 2176; x_wconf 89' lang='lat' dir='ltr'>non</span> <span class='ocrx_word' id='word_1_243' title='bbox 877 2128 1027 2175; x_wconf 86' lang='lat' dir='ltr'>decuit</span> <span class='ocrx_word' id='word_1_244' title='bbox 1062 2127 1262 2174; x_wconf 83' lang='lat' dir='ltr'>cursores</span> <span class='ocrx_word' id='word_1_245' title='bbox 1296 2143 1541 2187; x_wconf 90' lang='lat' dir='ltr'>numquam</span> <span class='ocrx_word' id='word_1_246' title='bbox 1577 2126 1788 2187; x_wconf 85' lang='lat' dir='ltr'>fatigatos</span> <span class='ocrx_word' id='word_1_247' title='bbox 1823 2128 2053 2174; x_wconf 87' lang='lat' dir='ltr'>celebrare</span> <span class='ocrx_word' id='word_1_248' title='bbox 2102 2131 2319 2191; x_wconf 85' lang='lat' dir='ltr'>languido</span> <span class='ocrx_word' id='word_1_249' title='bbox 2355 2133 2495 2176; x_wconf 80' lang='lat' dir='ltr'>versu.</span> 
     </span>
    </p>

    <p class='ocr_par' dir='ltr' id='par_1_6' title="bbox 435 2210 2631 2284">
     <span class='ocr_line' id='line_1_24' title="bbox 435 2210 2631 2284; baseline -0.003 -13"><span class='ocrx_word' id='word_1_250' title='bbox 435 2229 532 2273; x_wconf 89' lang='lat' dir='ltr'>lam</span> <span class='ocrx_word' id='word_1_251' title='bbox 579 2237 809 2284; x_wconf 88' lang='lat' dir='ltr'>apponam</span> <span class='ocrx_word' id='word_1_252' title='bbox 844 2235 1038 2274; x_wconf 86' lang='lat' dir='ltr'>carmen,</span> <span class='ocrx_word' id='word_1_253' title='bbox 1085 2220 1148 2264; x_wconf 91' lang='lat' dir='ltr'>uti</span> <span class='ocrx_word' id='word_1_254' title='bbox 1185 2219 1353 2279; x_wconf 85' lang='lat' dir='ltr'>legitur</span> <span class='ocrx_word' id='word_1_255' title='bbox 1387 2218 1432 2262; x_wconf 93' lang='lat' dir='ltr'>in</span> <span class='ocrx_word' id='word_1_256' title='bbox 1467 2217 1759 2262; x_wconf 72' lang='lat' dir='ltr'>recentissima</span> <span class='ocrx_word' id='word_1_257' title='bbox 1797 2210 2005 2276; x_wconf 76' lang='lat' dir='ltr'>editione,</span> <span class='ocrx_word' id='word_1_258' title='bbox 2041 2229 2178 2280; x_wconf 88' lang='lat' dir='ltr'>atque</span> <span class='ocrx_word' id='word_1_259' title='bbox 2213 2223 2270 2266; x_wconf 89' lang='lat' dir='ltr'>de</span> <span class='ocrx_word' id='word_1_260' title='bbox 2307 2224 2358 2266; x_wconf 88' lang='lat' dir='ltr'>iis</span> <span class='ocrx_word' id='word_1_261' title='bbox 2395 2238 2631 2281; x_wconf 81' lang='lat' dir='ltr'>exponam,</span> 
     </span>
    </p>
   </div>
   <div class='ocr_carea' id='block_1_5' title="bbox 304 2308 2630 2379">
    <p class='ocr_par' dir='ltr' id='par_1_7' title="bbox 304 2308 2630 2379">
     <span class='ocr_line' id='line_1_25' title="bbox 304 2308 2630 2379; baseline -0.002 -15"><span class='ocrx_word' id='word_1_262' title='bbox 304 2335 420 2379; x_wconf 85' lang='lat' dir='ltr'>quae</span> <span class='ocrx_word' id='word_1_263' title='bbox 442 2319 516 2362; x_wconf 77' lang='lat' dir='ltr'>vel</span> <span class='ocrx_word' id='word_1_264' title='bbox 551 2314 816 2359; x_wconf 79' lang='lat' dir='ltr'>auctoritate</span> <span class='ocrx_word' id='word_1_265' title='bbox 840 2311 1044 2356; x_wconf 89' lang='lat' dir='ltr'>codicum</span> <span class='ocrx_word' id='word_1_266' title='bbox 1072 2308 1378 2354; x_wconf 83' lang='lat' dir='ltr'>constituenda</span> <span class='ocrx_word' id='word_1_267' title='bbox 1403 2310 1473 2352; x_wconf 89' lang='lat' dir='ltr'>vel</span> <span class='ocrx_word' id='word_1_268' title='bbox 1509 2309 1570 2352; x_wconf 93' lang='lat' dir='ltr'>ob</span> <span class='ocrx_word' id='word_1_269' title='bbox 1600 2308 1829 2352; x_wconf 85' lang='lat' dir='ltr'>metricam</span> <span class='ocrx_word' id='word_1_270' title='bbox 1856 2311 2073 2355; x_wconf 86' lang='lat' dir='ltr'>rationem</span> <span class='ocrx_word' id='word_1_271' title='bbox 2097 2312 2358 2372; x_wconf 88' lang='lat' dir='ltr'>accipienda</span> <span class='ocrx_word' id='word_1_272' title='bbox 2380 2313 2630 2360; x_wconf 78' lang='lat' dir='ltr'>videantur.</span> 
     </span>
    </p>
   </div>
   <div class='ocr_carea' id='block_1_6' title="bbox 1207 2431 1738 2478">
    <p class='ocr_par' dir='ltr' id='par_1_8' title="bbox 1207 2431 1738 2478">
     <span class='ocr_line' id='line_1_26' title="bbox 1207 2431 1738 2478; baseline -0.004 0"><span class='ocrx_word' id='word_1_273' title='bbox 1207 2433 1304 2478; x_wconf 81' lang='lat' dir='ltr'>Ad</span> <span class='ocrx_word' id='word_1_274' title='bbox 1353 2431 1738 2478; x_wconf 79' lang='lat' dir='ltr'>Camerium.</span> 
     </span>
    </p>
   </div>
   <div class='ocr_carea' id='block_1_7' title="bbox 885 2544 1851 2790">
    <p class='ocr_par' dir='ltr' id='par_1_9' title="bbox 885 2544 1851 2790">
     <span class='ocr_line' id='line_1_27' title="bbox 891 2544 1851 2609; baseline -0.005 -16"><span class='ocrx_word' id='word_1_275' title='bbox 891 2546 1353 2609; x_wconf 73' lang='lat' dir='ltr'>01·mnns,fisorte</span> <span class='ocrx_word' id='word_1_276' title='bbox 1374 2561 1469 2590; x_wconf 80' lang='lat' dir='ltr'>non</span> <span class='ocrx_word' id='word_1_277' title='bbox 1495 2544 1743 2608; x_wconf 80' lang='lat' dir='ltr'>molestum</span> <span class='ocrx_word' id='word_1_278' title='bbox 1771 2545 1851 2608; x_wconf 73' lang='lat' dir='ltr'>eft,</span> 
     </span>
     <span class='ocr_line' id='line_1_28' title="bbox 885 2633 1844 2700; baseline -0.003 -18"><span class='ocrx_word' id='word_1_279' title='bbox 885 2636 1215 2700; x_wconf 81' lang='lat' dir='ltr'>Demonfires,</span> <span class='ocrx_word' id='word_1_280' title='bbox 1241 2634 1322 2680; x_wconf 74' lang='lat' dir='ltr'>ubi</span> <span class='ocrx_word' id='word_1_281' title='bbox 1333 2635 1439 2700; x_wconf 85' lang='lat' dir='ltr'>fint</span> <span class='ocrx_word' id='word_1_282' title='bbox 1463 2641 1577 2681; x_wconf 83' lang='lat' dir='ltr'>tuae</span> <span class='ocrx_word' id='word_1_283' title='bbox 1602 2633 1844 2680; x_wconf 77' lang='lat' dir='ltr'>tenebrae.</span> 
     </span>
     <span class='ocr_line' id='line_1_29' title="bbox 891 2726 1795 2790; baseline -0.003 -19"><span class='ocrx_word' id='word_1_284' title='bbox 891 2727 957 2771; x_wconf 88' lang='lat' dir='ltr'>Te</span> <span class='ocrx_word' id='word_1_285' title='bbox 981 2726 1301 2790; x_wconf 73' lang='lat' dir='ltr'>quaesivimus</span> <span class='ocrx_word' id='word_1_286' title='bbox 1324 2726 1370 2770; x_wconf 78' lang='lat' dir='ltr'>in</span> <span class='ocrx_word' id='word_1_287' title='bbox 1395 2726 1582 2770; x_wconf 75' lang='lat' dir='ltr'>minore</span> <span class='ocrx_word' id='word_1_288' title='bbox 1604 2738 1795 2784; x_wconf 78' lang='lat' dir='ltr'>campo,</span> 
     </span>
    </p>
   </div>
   <div class='ocr_carea' id='block_1_8' title="bbox 894 2814 1808 2872">
    <p class='ocr_par' dir='ltr' id='par_1_10' title="bbox 894 2814 1808 2872">
     <span class='ocr_line' id='line_1_30' title="bbox 894 2814 1808 2872; baseline -0.002 -11"><span class='ocrx_word' id='word_1_289' title='bbox 894 2817 961 2860; x_wconf 79' lang='lat' dir='ltr'>&#39;Pe</span> <span class='ocrx_word' id='word_1_290' title='bbox 983 2818 1028 2861; x_wconf 76' lang='lat' dir='ltr'>in</span> <span class='ocrx_word' id='word_1_291' title='bbox 1054 2817 1201 2872; x_wconf 71' lang='lat' dir='ltr'>circo,</span> <span class='ocrx_word' id='word_1_292' title='bbox 1228 2823 1272 2860; x_wconf 75' lang='lat' dir='ltr'>te</span> <span class='ocrx_word' id='word_1_293' title='bbox 1300 2816 1345 2859; x_wconf 75' lang='lat' dir='ltr'>in</span> <span class='ocrx_word' id='word_1_294' title='bbox 1376 2814 1594 2859; x_wconf 73' lang='lat' dir='ltr'>omnibus</span> <span class='ocrx_word' id='word_1_295' title='bbox 1619 2814 1808 2868; x_wconf 72' lang='lat' dir='ltr'>libellis,</span> 
     </span>
    </p>
   </div>
  </div>
 </body>
</html>
