2865 3560
1150 117 1214 127 ...
1351 96 1383 138 9
1519 119 1585 127 -

153 294 157 297 ‘
212 237 332 278 tum:
380 245 482 277 nam
522 230 664 277 vicem
703 229 880 276 maioris
916 228 1165 276 obtinebat.
1215 228 1289 275 An
1323 242 1432 275 vero
1465 228 1581 275 illud
1616 227 1735 275 ἄλλο
1773 230 1919 276 πεδίον
1957 227 2191 276 Strabonis
2224 230 2284 276 ad
2320 245 2530 294 campum

209 322 450 382 Agrippae
485 321 769 368 referendum
803 320 870 376 fit,
910 320 976 367 uti
1005 319 1239 366 Beckerus
1262 319 1418 380 Antiq.
1453 336 1569 366 rom.
1605 320 1742 366 Tom.
1777 319 1814 366 l.
1849 336 1900 381 p.
1936 320 2051 367 600.
2091 321 2336 369 arbitratur
2349 357 2363 381 ,
2398 322 2531 370 valde

208 411 489 457 dubitamus:
523 413 572 456 id
605 419 754 456 autem
793 398 1123 472 contendimus,
1169 410 1291 454 hunc
1334 426 1543 470 campum
1593 426 1681 454 non
1715 427 1743 454 a
1778 409 1961 456 Catullo
1999 412 2217 457 minorem
2251 414 2416 459 vocari.
2479 413 2532 459 ln

208 516 369 562 campo
404 502 594 547 martiali
641 516 786 561 aeque
831 508 969 560 atque
1012 501 1058 544 in
1092 501 1254 545 martio
1298 500 1477 545 iuvenes
1526 499 1776 545 conveniss'e
1819 501 2026 547 videntur
2040 535 2054 558 ,
2090 508 2165 559 ut,
2200 503 2328 561 quod
2361 502 2530 550 Strabo

208 599 372 650 narrat,
398 594 573 654 σφαίρᾳ
600 590 672 636 καὶ
698 593 834 653 κίρκῳ
862 590 934 635 καὶ
966 591 1224 652 παλαίστρᾳ
1262 590 1308 635 se
1342 597 1624 636 exercerent:
1668 591 1825 649 ibique
1861 591 2090 638 Catullum
2124 591 2384 651 quaefiViffe
2417 595 2530 638 ami-
2576 622 2585 627 -

208 698 310 727 cum
343 682 472 727 suum
507 681 781 726 verifimilius
815 680 891 737 est,
927 696 1062 740 quam
1110 680 1234 742 apud
1286 681 1496 738 fluvium,
1545 682 1589 725 in
1624 695 1717 740 quo
1746 675 1941 726 'iuvenes
1988 683 2240 728 lavarentur
2255 716 2269 740 ,
2316 697 2435 743 quae
2470 682 2532 730 est

208 773 397 817 Prelleri
432 772 664 817 sententia.

341 863 500 924 Pergit
535 862 739 908 Catullus
773 862 833 905 ad
867 862 1031 907 circum
1067 863 1321 907 maximum.
1381 864 1516 908 Hunc
1561 864 1678 907 enim
1724 862 1913 922 fimplici
1947 862 2125 907 nomine
2159 863 2262 907 circi
2298 863 2528 908 nominare

208 949 426 1010 solebant,
462 967 552 998 non
586 952 844 997 flaminium.
881 952 956 997 Ad
990 953 1155 997 circum
1189 960 1339 998 autem
1372 954 1417 997 in
1451 954 1639 1014 regione
1673 931 1907 997 undecima
1951 953 2132 998 condita
2177 960 2304 999 erant
2337 953 2529 1015 lupana-

208 1048 272 1090 ria
308 1053 353 1091 et
387 1044 616 1089 tabernae.
653 1044 724 1088 De
759 1043 949 1104 negotiis
983 1043 1266 1088 meretricum
1301 1043 1359 1088 ad
1393 1044 1560 1089 circum
1593 1043 1698 1087 vide
1732 1043 1931 1089 Iuvenal.
1968 1044 2014 1101 3,
2039 1043 2121 1089 65.
2156 1043 2332 1090 Ernest.
2355 1043 2415 1089 ad
2439 1043 2531 1089 Ta·

205 1138 282 1180 citi
318 1136 478 1179 Annal.
515 1132 580 1190 15,
623 1133 705 1179 28.
742 1133 960 1178 Garaton.
988 1133 1047 1177 ad
1081 1132 1175 1178 Cic.
1214 1150 1261 1194 p.
1299 1134 1401 1178 Mil.
1437 1133 1520 1179 24.
1578 1134 1701 1178 Tum
1737 1133 1939 1179 Catullus
1974 1134 2203 1179 adscendit
2237 1134 2529 1195 Capitolium.

205 1228 251 1270 in
286 1240 380 1284 quo
413 1224 636 1285 templum
670 1223 803 1268 Iovis.
839 1222 911 1267 Ibi
946 1237 1034 1267 non
1069 1223 1206 1269 modo
1239 1225 1415 1269 senatus
1448 1224 1673 1269 interdum
1707 1223 1976 1280 habebatur,
2011 1224 2090 1268 sed
2112 1231 2158 1269 et
2180 1225 2294 1269 aliae
2318 1223 2532 1285 congres-

208 1316 361 1371 fiones,
399 1321 444 1359 et
479 1313 801 1358 conveniebant
833 1312 1035 1358 homines
1071 1328 1161 1358 non
1207 1320 1379 1359 tantum
1425 1313 1650 1359 sacrorum
1683 1313 1991 1358 faciendorum
2022 1311 2184 1358 cauffa.
2221 1314 2297 1358 Sic
2332 1311 2531 1372 Amphi-

206 1414 310 1450 truo
345 1403 470 1464 apud
504 1404 716 1449 Plautum
751 1404 1020 1447 Naucratem
1055 1403 1230 1460 quaerit
1265 1403 1403 1463 apud
1429 1417 1592 1448 omnes
1617 1402 1765 1448 aeoles
1785 1402 1971 1464 sacras
2004 1402 2051 1460 4,
2079 1403 2110 1458 l,
2140 1402 2187 1447 5.
2224 1401 2336 1447 Inde
2371 1400 2531 1447 Catul-

205 1498 272 1540 lus
296 1495 502 1554 pervenit
527 1495 586 1538 ad
607 1494 817 1553 Pompeii
855 1494 1096 1552 porticum,
1136 1494 1181 1535 in
1219 1494 1407 1553 regione
1432 1509 1549 1537 nona
1592 1494 1758 1559 locum,
1794 1493 1839 1536 in
1875 1509 1968 1552 quo
2004 1493 2301 1554 elegantiores
2349 1492 2530 1553 spatiari

205 1585 541 1630 consueverunt.
579 1583 714 1640 Ovid.
750 1583 851 1626 Art.
888 1597 975 1625 am.
1012 1582 1042 1638 l,
1072 1582 1153 1625 67.
2002 1564 2012 1572 ”

338 1673 416 1718 Vs.
453 1672 501 1717 4.
538 1670 707 1716 Omnes
740 1671 846 1715 libri
879 1671 1098 1730 praebent
1133 1675 1178 1716 te
1212 1670 1261 1714 in
1307 1671 1524 1716 omnibus
1558 1677 1737 1731 praeter
1771 1671 2068 1729 dresdensem,
2103 1673 2183 1732 qui
2217 1672 2358 1716 habet
2393 1676 2531 1731 teque

206 1762 440 1809 omnibus.
493 1760 703 1823 Copulae
752 1760 899 1806 nullus
944 1759 1021 1804 hic
1066 1761 1191 1805 locus
1237 1761 1313 1806 est.
1375 1761 1606 1806 Servanda
1641 1768 1790 1807 autem
1824 1763 1887 1807 est
1920 1764 2105 1821 antiqua
2155 1762 2402 1822 scriptura,
2451 1775 2532 1804 nec

205 1854 426 1899 vocabula
460 1851 779 1898 contrahenda.
819 1851 997 1895 Vocalis
1032 1851 1150 1895 enim
1183 1851 1336 1911 longa,
1376 1852 1555 1897 elifione
1589 1866 1679 1897 non
1712 1851 1913 1910 admiffin,
1951 1854 2216 1912 corripitur,
2269 1851 2531 1911 praesertim

203 1946 249 1989 in
284 1942 484 2002 dactylo,
520 1940 645 1985 velut
681 1939 803 1998 apud
821 1939 984 1984 Horat.
1020 1938 1117 1985 Sat.
1143 1941 1177 1997 1,
1202 1940 1249 1997 9,
1273 1940 1354 1986 30.
1371 1940 1425 2004 fi
1452 1955 1528 1987 me
1550 1956 1719 1999 amas3
1746 1941 1872 2003 apud
1894 1942 2059 2004 virgil.
2081 1941 2195 1988 Aen.
2232 1942 2280 2001 6,
2302 1942 2417 1988 507.
2442 1956 2531 1989 ar-

203 2047 284 2077 ma
320 2031 480 2076 locum
504 2028 740 2090 servant:
782 2032 842 2084 te,
874 2026 1043 2084 amice,
1075 2027 1268 2088 nequivi
1300 2026 1592 2089 conspicere.

337 2118 528 2166 Plurimi
562 2118 668 2163 libri
703 2116 917 2163 exhibent
951 2116 1139 2174 libellis,
1168 2124 1363 2177 quatuor
1400 2116 1595 2185 labellis
1610 2154 1623 2174 ‚
1658 2117 1784 2179 quod
1819 2118 2045 2165 Palladius
2077 2126 2123 2165 et
2158 2118 2326 2185 Statius
2369 2119 2427 2166 de
2461 2121 2531 2166 la·-

203 2213 295 2256 bris
329 2211 418 2255 five
443 2210 615 2254 balneis
639 2208 810 2254 dietum
842 2208 1081 2269 putabant,
1115 2216 1206 2254 tres
1234 2208 1434 2270 plateis,
1471 2208 1564 2255 duo
1595 2209 1794 2266 locellis,
1829 2217 1918 2255 tres
1945 2209 2178 2256 tabernis.
2198 2263 2203 2267 ,
2226 2210 2367 2267 Quod
2400 2210 2530 2256 Gua-

204 2303 323 2347 rinus
357 2300 529 2362 scripfit
564 2299 748 2362 tigellis
782 2299 812 2344 i.
839 2314 879 2344 e.
916 2300 1169 2361 tuguriolis,
1204 2299 1250 2343 in
1284 2314 1374 2345 uno
1418 2300 1574 2345 codice
1608 2307 1837 2346 exaratum
1890 2301 2052 2346 inveni.
2100 2302 2196 2346 Nec
2231 2302 2529 2362 comprobare

205 2391 404 2437 debebat
426 2389 705 2443 Schraderus
729 2388 961 2447 tabernis,
986 2404 1068 2434 nec
1087 2389 1291 2435 Heinfius
1312 2390 1524 2452 plateis:
1555 2404 1673 2450 quae
1707 2404 1808 2436 cum
1842 2391 2024 2451 reliquis
2059 2392 2255 2452 speciem
2284 2391 2529 2453 gloss'ema-

203 2483 258 2527 tis
281 2496 393 2543 prae
420 2482 465 2526 fe
490 2480 655 2526 ferunt.
691 2481 966 2540 Interpretes
1000 2481 1046 2524 in
1081 2479 1270 2535 libellis,
1310 2494 1411 2525 eum
1444 2480 1662 2539 loquendi
1689 2480 1842 2536 usum,
1881 2495 1975 2538 quo
2014 2482 2337 2542 Aristophanes
2371 2482 2526 2539 Equit.

208 2570 336 2617 1375
363 2573 403 2617 ἐν
430 2575 496 2627 τῷ
522 2568 647 2633 μόρῳ
688 2585 776 2630 pro
812 2570 1085 2634 μυροπωλίῳ
1112 2570 1250 2631 Vesp.
1287 2568 1384 2616 755
1420 2569 1459 2615 ἐν
1490 2573 1590 2620 τοῖς
1614 2569 1777 2629 ἰχθύσι
1812 2569 1938 2628 dixit,
1974 2571 2032 2616 ad
2068 2572 2296 2617 Romanos
2330 2570 2527 2616 referen-

203 2671 284 2720 tes,
319 2661 519 2723 lepidam
553 2662 813 2708 sententiam
849 2660 1095 2722 express'am
1131 2661 1353 2720 viderunt,
1383 2660 1505 2721 quali
1540 2658 1745 2707 Catullus
1775 2663 1969 2708 amicum
2002 2665 2130 2709 l'uum
2153 2664 2405 2708 litterarum
2436 2662 2528 2708 ssu-

204 2754 287 2799 diis
322 2760 593 2814 occupatum
621 2754 744 2813 apud
766 2753 973 2799 librarios
997 2752 1289 2813 quaefiviss'et.
1324 2753 1479 2813 Atque
1498 2752 1616 2798 hanc
1638 2751 1900 2800 sententiam
1926 2761 2024 2801 tum
2049 2754 2230 2801 demum
2265 2753 2529 2815 approbare

1909 2843 1952 2890 Β
